<record><header><identifier>oai:alma.41SLSP_UGE:991000796939705502</identifier><datestamp>2023-03-01T01:09:48Z</datestamp><setSpec>uge_bcen_RapidILL_BOOK</setSpec><setSpec>uge_aaca_RapidILL_BOOK</setSpec><setSpec>uge_abels_RapidILL_BOOK</setSpec><setSpec>uge_dbu_RapidILL_BOOK</setSpec><setSpec>uge_cmu_RapidILL_BOOK</setSpec><setSpec>uge_mail_RapidILL_BOOK</setSpec><setSpec>UNIGE_ALL</setSpec><setSpec>uge_abbat_RapidILL_BOOK</setSpec><setSpec>uge_aobs_RapidILL_BOOK</setSpec><setSpec>uge_acar_RapidILL_BOOK</setSpec></header><metadata>
<record xmlns="http://www.loc.gov/MARC21/slim" xmlns:xsi="http://www.w3.org/2001/XMLSchema-instance" xsi:schemaLocation="http://www.loc.gov/MARC21/slim http://www.loc.gov/standards/marcxml/schema/MARC21slim.xsd"><leader>01605nam a2200289 c 4500</leader><controlfield tag="001">991000796939705502</controlfield><controlfield tag="005">20201227133927.0</controlfield><controlfield tag="008">011205s1997    ru ||||| |||| 00| ||rus d</controlfield><datafield ind1=" " ind2=" " tag="020"><subfield code="a">5889830112</subfield></datafield><datafield ind1=" " ind2=" " tag="035"><subfield code="a">(swissbib)097374067-41slsp_network</subfield></datafield><datafield ind1=" " ind2=" " tag="035"><subfield code="a">097374067</subfield><subfield code="9">ExL</subfield></datafield><datafield ind1=" " ind2=" " tag="035"><subfield code="a">(RERO)R003124221-41slsp</subfield></datafield><datafield ind1=" " ind2=" " tag="035"><subfield code="a">(EXLNZ-41SLSP_NETWORK)991046671969705501</subfield></datafield><datafield ind1=" " ind2=" " tag="040"><subfield code="a">RERO geueti</subfield><subfield code="d">CH-ZuSLS</subfield></datafield><datafield ind1=" " ind2="7" tag="072"><subfield code="a">lg</subfield><subfield code="2">rero</subfield></datafield><datafield ind1="1" ind2=" " tag="100"><subfield code="6">880-01</subfield><subfield code="a">Komissarov, V. N.</subfield><subfield code="0">(RERO)A003466698</subfield><subfield code="4">cre</subfield></datafield><datafield ind1="1" ind2=" " tag="880"><subfield code="6">100-01/(N</subfield><subfield code="a">Комиссаров, В. Н.</subfield></datafield><datafield ind1="1" ind2="0" tag="245"><subfield code="6">880-02</subfield><subfield code="a">Teoreticheskie osnovy metodiki obchenii︠a︡ perevodu</subfield><subfield code="c">V. N. Komissarov</subfield></datafield><datafield ind1="1" ind2="0" tag="880"><subfield code="6">245-02/(N</subfield><subfield code="a">Теоретические основы методики обучения переводу</subfield><subfield code="c">В. Н. Комиссаров</subfield></datafield><datafield ind1="1" ind2=" " tag="246"><subfield code="a">Teoretičeskie osnovy metodiki občenija perevodu / V. N. Komissarov</subfield></datafield><datafield ind1=" " ind2="1" tag="264"><subfield code="6">880-03</subfield><subfield code="a">Moskva</subfield><subfield code="b">Rema</subfield><subfield code="c">1997</subfield></datafield><datafield ind1=" " ind2="1" tag="880"><subfield code="6">264-03/(N</subfield><subfield code="a">Москва</subfield><subfield code="b">Рема</subfield><subfield code="c">1997</subfield></datafield><datafield ind1=" " ind2=" " tag="300"><subfield code="a">391 p.</subfield><subfield code="b">ill.</subfield><subfield code="c">21 cm</subfield></datafield><datafield ind1=" " ind2=" " tag="336"><subfield code="b">txt</subfield><subfield code="2">rdacontent</subfield></datafield><datafield ind1=" " ind2=" " tag="337"><subfield code="b">n</subfield><subfield code="2">rdamedia</subfield></datafield><datafield ind1=" " ind2=" " tag="338"><subfield code="b">nc</subfield><subfield code="2">rdacarrier</subfield></datafield><datafield ind1=" " ind2="7" tag="650"><subfield code="a">traduction - enseignement</subfield><subfield code="0">(RERO)A010159695</subfield><subfield code="2">rerovoc</subfield></datafield><datafield ind1=" " ind2=" " tag="900"><subfield code="a">REROnoselfmerge</subfield></datafield></record>
</metadata></record>