<record><header><identifier>oai:alma.41SLSP_UGE:991000785179705502</identifier><datestamp>2023-04-08T00:11:07Z</datestamp><setSpec>uge_bcen_RapidILL_BOOK</setSpec><setSpec>uge_aaca_RapidILL_BOOK</setSpec><setSpec>uge_abels_RapidILL_BOOK</setSpec><setSpec>uge_dbu_RapidILL_BOOK</setSpec><setSpec>uge_cmu_RapidILL_BOOK</setSpec><setSpec>uge_mail_RapidILL_BOOK</setSpec><setSpec>uge_abbat_RapidILL_BOOK</setSpec><setSpec>UNIGE_ALL</setSpec><setSpec>uge_aobs_RapidILL_BOOK</setSpec><setSpec>uge_acar_RapidILL_BOOK</setSpec></header><metadata>
<record xmlns="http://www.loc.gov/MARC21/slim" xmlns:xsi="http://www.w3.org/2001/XMLSchema-instance" xsi:schemaLocation="http://www.loc.gov/MARC21/slim http://www.loc.gov/standards/marcxml/schema/MARC21slim.xsd"><leader>03327nam a2200769 c 4500</leader><controlfield tag="001">991000785179705502</controlfield><controlfield tag="005">20230407135631.0</controlfield><controlfield tag="008">201011s2006    it ||||| |||| 00| ||ita d</controlfield><datafield ind1=" " ind2=" " tag="020"><subfield code="a">8885077595</subfield><subfield code="c">24.00 EUR</subfield></datafield><datafield ind1=" " ind2=" " tag="020"><subfield code="a">9788885077591</subfield><subfield code="c">24.00 EUR</subfield></datafield><datafield ind1=" " ind2=" " tag="035"><subfield code="a">(swissbib)213308746-41slsp_network</subfield></datafield><datafield ind1=" " ind2=" " tag="035"><subfield code="a">213308746</subfield><subfield code="9">ExL</subfield></datafield><datafield ind1=" " ind2=" " tag="035"><subfield code="a">(RERO)R004563578-41slsp</subfield></datafield><datafield ind1=" " ind2=" " tag="035"><subfield code="a">(NEBIS)005328771EBI01</subfield></datafield><datafield ind1=" " ind2=" " tag="035"><subfield code="a">(IDSLU)000523391ILU01</subfield></datafield><datafield ind1=" " ind2=" " tag="035"><subfield code="a">(EXLNZ-41SLSP_NETWORK)991080227329705501</subfield></datafield><datafield ind1=" " ind2=" " tag="040"><subfield code="a">RERO geulsa</subfield><subfield code="d">CH-ZuSLS</subfield></datafield><datafield ind1="0" ind2=" " tag="041"><subfield code="a">ita</subfield><subfield code="a">fre</subfield></datafield><datafield ind1=" " ind2=" " tag="050"><subfield code="a">PA</subfield></datafield><datafield ind1=" " ind2="7" tag="072"><subfield code="a">ha</subfield><subfield code="2">rero</subfield></datafield><datafield ind1=" " ind2="7" tag="072"><subfield code="a">630</subfield><subfield code="2">IDS LU</subfield></datafield><datafield ind1="0" ind2="4" tag="082"><subfield code="a">880</subfield><subfield code="2">21</subfield></datafield><datafield ind1="1" ind2="4" tag="082"><subfield code="a">880</subfield><subfield code="2">21</subfield></datafield><datafield ind1=" " ind2=" " tag="084"><subfield code="a">NR 8695</subfield><subfield code="2">rvk</subfield></datafield><datafield ind1=" " ind2=" " tag="084"><subfield code="a">FB 2025</subfield><subfield code="2">rvk</subfield></datafield><datafield ind1="1" ind2=" " tag="100"><subfield code="6">880-01</subfield><subfield code="a">Ceccarelli, Paola</subfield><subfield code="d">1962-....</subfield><subfield code="0">(IDREF)082964599</subfield><subfield code="4">cre</subfield></datafield><datafield ind1="1" ind2=" " tag="880"><subfield code="a">Ceccarelli, Paola</subfield><subfield code="d">1962-</subfield><subfield code="0">(DE-588)1056895683</subfield><subfield code="6">100-01</subfield></datafield><datafield ind1="1" ind2="0" tag="245"><subfield code="a">Friedrich Gottlieb Welcker e l'antiquaria napoletana</subfield><subfield code="b">carteggi Gervasio-Welcker e Minervini-Welcker</subfield><subfield code="c">Paola Ceccarelli</subfield></datafield><datafield ind1=" " ind2="1" tag="264"><subfield code="a">San Severo</subfield><subfield code="b">Gerni</subfield><subfield code="c">2006</subfield></datafield><datafield ind1=" " ind2=" " tag="300"><subfield code="a">245 S.</subfield><subfield code="c">24 cm</subfield></datafield><datafield ind1=" " ind2=" " tag="336"><subfield code="b">txt</subfield><subfield code="2">rdacontent</subfield></datafield><datafield ind1=" " ind2=" " tag="337"><subfield code="b">n</subfield><subfield code="2">rdamedia</subfield></datafield><datafield ind1=" " ind2=" " tag="338"><subfield code="b">nc</subfield><subfield code="2">rdacarrier</subfield></datafield><datafield ind1="1" ind2=" " tag="490"><subfield code="a">Gervasiana. Studi</subfield><subfield code="v">7</subfield></datafield><datafield ind1=" " ind2=" " tag="500"><subfield code="a">Incl. letters, publ. for the first time, in French or Italian, between F. G. Welcker (1784-1868) and Agostino Gervasio (1784- 1863) and Giulio Minervini (1819-1891)</subfield></datafield><datafield ind1=" " ind2=" " tag="504"><subfield code="a">Includes bibliographical references</subfield></datafield><datafield ind1="1" ind2="7" tag="600"><subfield code="a">Gervasio, Agostino</subfield><subfield code="d">1784-1863</subfield><subfield code="0">(IDREF)132496410</subfield><subfield code="2">idref</subfield></datafield><datafield ind1="1" ind2="7" tag="600"><subfield code="a">Welcker, Friedrich Gottlieb</subfield><subfield code="d">1784-1868</subfield><subfield code="0">(IDREF)029914957</subfield><subfield code="2">idref</subfield></datafield><datafield ind1="1" ind2="7" tag="600"><subfield code="a">Minervini, Giulio</subfield><subfield code="d">1819-1891</subfield><subfield code="0">(IDREF)076089010</subfield><subfield code="2">idref</subfield></datafield><datafield ind1="1" ind2="7" tag="600"><subfield code="a">Welcker, Friedrich G</subfield><subfield code="2">idszbz</subfield></datafield><datafield ind1="1" ind2="0" tag="600"><subfield code="a">Gervasio, Agostino</subfield><subfield code="d">1784-1863</subfield><subfield code="v">Correspondence</subfield></datafield><datafield ind1="1" ind2="0" tag="600"><subfield code="a">Minervini, Giulio</subfield><subfield code="d">1819-1891</subfield><subfield code="v">Correspondence</subfield></datafield><datafield ind1="1" ind2="0" tag="600"><subfield code="a">Welcker, Friedrich Gottlieb</subfield><subfield code="d">1784-1868</subfield><subfield code="v">Correspondence</subfield></datafield><datafield ind1="1" ind2="7" tag="600"><subfield code="a">Gervasio, Agostino</subfield><subfield code="d">1784-1863</subfield><subfield code="0">(DE-588)133552608</subfield><subfield code="2">gnd</subfield></datafield><datafield ind1="1" ind2="7" tag="600"><subfield code="a">Minervini, Giulio</subfield><subfield code="d">1819-1891</subfield><subfield code="0">(DE-588)117047937</subfield><subfield code="2">gnd</subfield></datafield><datafield ind1="1" ind2="7" tag="600"><subfield code="a">Welcker, Friedrich Gottlieb</subfield><subfield code="d">1784-1868</subfield><subfield code="0">(DE-588)118630741</subfield><subfield code="2">gnd</subfield></datafield><datafield ind1=" " ind2="7" tag="650"><subfield code="a">Correspondance</subfield><subfield code="0">(IDREF)027490122</subfield><subfield code="2">idref</subfield></datafield><datafield ind1=" " ind2="7" tag="650"><subfield code="a">objet d'art</subfield><subfield code="0">(RERO)A010014662</subfield><subfield code="2">rerovoc</subfield></datafield><datafield ind1=" " ind2="7" tag="650"><subfield code="a">19e siècle</subfield><subfield code="0">(IDREF)027794059</subfield><subfield code="2">idref</subfield></datafield><datafield ind1=" " ind2="7" tag="650"><subfield code="a">Art</subfield><subfield code="0">(IDREF)027269302</subfield><subfield code="2">idref</subfield></datafield><datafield ind1=" " ind2="7" tag="650"><subfield code="a">collectionneur</subfield><subfield code="0">(RERO)A009971143</subfield><subfield code="2">rerovoc</subfield></datafield><datafield ind1=" " ind2="7" tag="650"><subfield code="a">collection</subfield><subfield code="0">(RERO)A009971137</subfield><subfield code="2">rerovoc</subfield></datafield><datafield ind1=" " ind2="7" tag="650"><subfield code="a">Archéologues</subfield><subfield code="0">(IDREF)027219704</subfield><subfield code="2">idref</subfield></datafield><datafield ind1=" " ind2="7" tag="650"><subfield code="a">Antiquité</subfield><subfield code="0">(IDREF)027789888</subfield><subfield code="2">idref</subfield></datafield><datafield ind1=" " ind2="0" tag="650"><subfield code="a">Archaeologists</subfield><subfield code="z">Germany</subfield><subfield code="v">Correspondence</subfield></datafield><datafield ind1=" " ind2="0" tag="650"><subfield code="a">Classical antiquities</subfield><subfield code="x">Collectors and collecting</subfield><subfield code="z">Italy</subfield><subfield code="z">Naples</subfield><subfield code="x">History</subfield><subfield code="y">19th century</subfield></datafield><datafield ind1=" " ind2="0" tag="650"><subfield code="a">Classicists</subfield><subfield code="z">Germany</subfield><subfield code="v">Correspondence</subfield></datafield><datafield ind1=" " ind2="7" tag="651"><subfield code="a">Naples (Italie)</subfield><subfield code="0">(IDREF)027298728</subfield><subfield code="2">idref</subfield></datafield><datafield ind1=" " ind2="7" tag="655"><subfield code="a">Correspondance</subfield><subfield code="0">(IDREF)027490122</subfield><subfield code="2">idref</subfield></datafield><datafield ind1=" " ind2="7" tag="655"><subfield code="a">Briefsammlung</subfield><subfield code="2">idszbz</subfield></datafield><datafield ind1=" " ind2="7" tag="655"><subfield code="a">Briefsammlung</subfield><subfield code="y">1842-1856</subfield><subfield code="2">gnd-content</subfield></datafield><datafield ind1="1" ind2=" " tag="700"><subfield code="a">Minervini, Giulio</subfield><subfield code="0">(RERO)A013631422</subfield></datafield><datafield ind1="1" ind2=" " tag="700"><subfield code="a">Gervasio, Agostino</subfield><subfield code="d">1784-1863</subfield><subfield code="0">(IDREF)132496410</subfield></datafield><datafield ind1="1" ind2=" " tag="700"><subfield code="a">Welcker, Friedrich Gottlieb</subfield><subfield code="d">1784-1868</subfield><subfield code="0">(DE-588)118630741</subfield><subfield code="6">880-04</subfield></datafield><datafield ind1="1" ind2=" " tag="880"><subfield code="a">Welcker, Friedrich Gottlieb</subfield><subfield code="0">(RERO)A003966400</subfield><subfield code="6">700-04</subfield></datafield><datafield ind1=" " ind2="0" tag="830"><subfield code="a">Gervasiana</subfield><subfield code="p">Studi</subfield><subfield code="v">7</subfield><subfield code="w">(NEBIS)001922186EBI01</subfield></datafield><datafield ind1=" " ind2=" " tag="900"><subfield code="a">REROnoselfmerge</subfield></datafield><datafield ind1=" " ind2=" " tag="900"><subfield code="a">IDSZ2zbzmon200708f</subfield><subfield code="c">IDSZ2beer</subfield><subfield code="d">IDSZ2zbzswk200709b</subfield><subfield code="e">IDSZ2brua</subfield></datafield></record>
</metadata></record>