<record><header><identifier>oai:alma.41SLSP_UGE:991000785709705502</identifier><datestamp>2023-11-27T01:24:51Z</datestamp><setSpec>uge_bcen_RapidILL_BOOK</setSpec><setSpec>uge_aaca_RapidILL_BOOK</setSpec><setSpec>uge_abels_RapidILL_BOOK</setSpec><setSpec>uge_dbu_RapidILL_BOOK</setSpec><setSpec>uge_cmu_RapidILL_BOOK</setSpec><setSpec>uge_mail_RapidILL_BOOK</setSpec><setSpec>uge_abbat_RapidILL_BOOK</setSpec><setSpec>UNIGE_ALL</setSpec><setSpec>uge_aobs_RapidILL_BOOK</setSpec><setSpec>uge_acar_RapidILL_BOOK</setSpec></header><metadata>
<record xmlns="http://www.loc.gov/MARC21/slim" xmlns:xsi="http://www.w3.org/2001/XMLSchema-instance" xsi:schemaLocation="http://www.loc.gov/MARC21/slim http://www.loc.gov/standards/marcxml/schema/MARC21slim.xsd"><leader>01905nam a2200493 c 4500</leader><controlfield tag="001">991000785709705502</controlfield><controlfield tag="005">20230630222029.0</controlfield><controlfield tag="008">201012s1947    sz ||||| mm|| 00| ||ger d</controlfield><datafield ind1=" " ind2=" " tag="035"><subfield code="a">(swissbib)233439161-41slsp_network</subfield></datafield><datafield ind1=" " ind2=" " tag="035"><subfield code="a">233439161</subfield><subfield code="9">ExL</subfield></datafield><datafield ind1=" " ind2=" " tag="035"><subfield code="a">(NEBIS)005080510EBI01</subfield></datafield><datafield ind1=" " ind2=" " tag="035"><subfield code="a">(RERO)0347114-41slsp</subfield></datafield><datafield ind1=" " ind2=" " tag="035"><subfield code="a">(RERO)bv00279209-41slsp</subfield></datafield><datafield ind1=" " ind2=" " tag="035"><subfield code="a">(IDSBB)001024967DSV01</subfield></datafield><datafield ind1=" " ind2=" " tag="035"><subfield code="a">(IDSSG)000086058HSB01</subfield></datafield><datafield ind1=" " ind2=" " tag="035"><subfield code="a">(ALEX)bv9925912702001791</subfield></datafield><datafield ind1=" " ind2=" " tag="035"><subfield code="a">(EXLNZ-41SLSP_NETWORK)991134285819705501</subfield></datafield><datafield ind1=" " ind2=" " tag="040"><subfield code="a">IDS BS/BE B465</subfield><subfield code="d">CH-ZuSLS</subfield></datafield><datafield ind1=" " ind2="7" tag="072"><subfield code="a">dr</subfield><subfield code="2">rero</subfield></datafield><datafield ind1=" " ind2="7" tag="072"><subfield code="a">rd</subfield><subfield code="2">SzZuIDS BS/BE</subfield></datafield><datafield ind1="1" ind2="4" tag="082"><subfield code="a">340</subfield><subfield code="2">15</subfield></datafield><datafield ind1=" " ind2=" " tag="084"><subfield code="a">CA/CH 97 h</subfield><subfield code="2">cjurrom</subfield></datafield><datafield ind1=" " ind2=" " tag="084"><subfield code="a">A 97 h</subfield><subfield code="2">cjurrom</subfield></datafield><datafield ind1="1" ind2=" " tag="100"><subfield code="a">Hablützel, Emil</subfield><subfield code="0">(RERO)A003338031</subfield><subfield code="4">cre</subfield></datafield><datafield ind1="1" ind2="0" tag="245"><subfield code="a">Verhältnis der Besitzschutzklagen zum Rechtsschutz in ausserordentlichen prozessualen Verfahren</subfield><subfield code="c">vorgelegt von Emil Hablützel</subfield></datafield><datafield ind1=" " ind2="1" tag="264"><subfield code="a">Andelfingen</subfield><subfield code="b">Hepting</subfield><subfield code="c">1947</subfield></datafield><datafield ind1=" " ind2=" " tag="300"><subfield code="a">122 p.</subfield><subfield code="c">22 cm</subfield></datafield><datafield ind1=" " ind2=" " tag="336"><subfield code="b">txt</subfield><subfield code="2">rdacontent</subfield></datafield><datafield ind1=" " ind2=" " tag="337"><subfield code="b">n</subfield><subfield code="2">rdamedia</subfield></datafield><datafield ind1=" " ind2=" " tag="338"><subfield code="b">nc</subfield><subfield code="2">rdacarrier</subfield></datafield><datafield ind1=" " ind2=" " tag="502"><subfield code="a">Diss. Univ. Zürich, 1947. - Ref.: H. Oppikofer</subfield></datafield><datafield ind1=" " ind2="7" tag="650"><subfield code="a">Sachenrecht</subfield><subfield code="9">ger</subfield><subfield code="0">(RERO)jurivoc000019225ger</subfield><subfield code="2">jurivoc</subfield></datafield><datafield ind1=" " ind2="7" tag="650"><subfield code="a">Besitz</subfield><subfield code="9">ger</subfield><subfield code="0">(RERO)jurivoc000003507ger</subfield><subfield code="2">jurivoc</subfield></datafield><datafield ind1=" " ind2="7" tag="650"><subfield code="a">Grundbuch</subfield><subfield code="9">ger</subfield><subfield code="0">(RERO)jurivoc000010376ger</subfield><subfield code="2">jurivoc</subfield></datafield><datafield ind1=" " ind2="7" tag="650"><subfield code="a">öffentliches Register</subfield><subfield code="9">ger</subfield><subfield code="0">(RERO)jurivoc000016428ger</subfield><subfield code="2">jurivoc</subfield></datafield><datafield ind1=" " ind2="7" tag="650"><subfield code="a">Besitzesschutz</subfield><subfield code="9">ger</subfield><subfield code="0">(RERO)jurivoc000003522ger</subfield><subfield code="2">jurivoc</subfield></datafield><datafield ind1=" " ind2="7" tag="650"><subfield code="a">Zivilprozess</subfield><subfield code="9">ger</subfield><subfield code="0">(RERO)jurivoc000027110ger</subfield><subfield code="2">jurivoc</subfield></datafield><datafield ind1=" " ind2="7" tag="650"><subfield code="a">summarisches Verfahren</subfield><subfield code="9">ger</subfield><subfield code="0">(RERO)jurivoc000022053ger</subfield><subfield code="2">jurivoc</subfield></datafield><datafield ind1=" " ind2="7" tag="651"><subfield code="a">Schweiz</subfield><subfield code="9">ger</subfield><subfield code="0">(RERO)jurivoc000019912ger</subfield><subfield code="2">jurivoc</subfield></datafield><datafield ind1=" " ind2="7" tag="651"><subfield code="a">Schweiz</subfield><subfield code="2">gnd</subfield><subfield code="0">(DE-588)4053881-3</subfield></datafield><datafield ind1=" " ind2="7" tag="655"><subfield code="a">Hochschulschrift</subfield><subfield code="2">gnd-content</subfield></datafield><datafield ind1="1" ind2=" " tag="700"><subfield code="a">Oppikofer, Hans</subfield><subfield code="d">1901-1950</subfield><subfield code="0">(DE-588)1028970145</subfield><subfield code="4">dgs</subfield></datafield><datafield ind1=" " ind2=" " tag="900"><subfield code="a">IDSZ1zh</subfield></datafield><datafield ind1=" " ind2=" " tag="900"><subfield code="a">IDSZ2rwidis200512i</subfield><subfield code="c">IDSZ2paru 0512</subfield></datafield><datafield ind1=" " ind2=" " tag="900"><subfield code="a">IDSE2UNI-ZH</subfield></datafield><datafield ind1=" " ind2=" " tag="900"><subfield code="a">IDSZ1ZH</subfield></datafield><datafield ind1=" " ind2=" " tag="900"><subfield code="a">IDSZ2zbzdis201303rl</subfield><subfield code="c">IDSZ2mueb</subfield></datafield></record>
</metadata></record>