<record><header><identifier>oai:alma.41SLSP_UGE:991000785499705502</identifier><datestamp>2023-03-01T01:09:48Z</datestamp><setSpec>uge_bcen_RapidILL_BOOK</setSpec><setSpec>uge_aaca_RapidILL_BOOK</setSpec><setSpec>uge_abels_RapidILL_BOOK</setSpec><setSpec>uge_dbu_RapidILL_BOOK</setSpec><setSpec>uge_cmu_RapidILL_BOOK</setSpec><setSpec>uge_mail_RapidILL_BOOK</setSpec><setSpec>UNIGE_ALL</setSpec><setSpec>uge_abbat_RapidILL_BOOK</setSpec><setSpec>uge_aobs_RapidILL_BOOK</setSpec><setSpec>uge_acar_RapidILL_BOOK</setSpec></header><metadata>
<record xmlns="http://www.loc.gov/MARC21/slim" xmlns:xsi="http://www.w3.org/2001/XMLSchema-instance" xsi:schemaLocation="http://www.loc.gov/MARC21/slim http://www.loc.gov/standards/marcxml/schema/MARC21slim.xsd"><leader>01208nam a22002892c 4500</leader><controlfield tag="001">991000785499705502</controlfield><controlfield tag="005">20210207113104.0</controlfield><controlfield tag="008">110401s1900    sz ||||| |||| 10| ||ger d</controlfield><datafield ind1=" " ind2=" " tag="035"><subfield code="a">(swissbib)113294573-41slsp_network</subfield></datafield><datafield ind1=" " ind2=" " tag="035"><subfield code="a">113294573</subfield><subfield code="9">ExL</subfield></datafield><datafield ind1=" " ind2=" " tag="035"><subfield code="a">(RERO)R005980054-41slsp</subfield></datafield><datafield ind1=" " ind2=" " tag="035"><subfield code="a">(EXLNZ-41SLSP_NETWORK)991056948439705501</subfield></datafield><datafield ind1=" " ind2=" " tag="040"><subfield code="a">Sz</subfield><subfield code="d">CH-ZuSLS</subfield></datafield><datafield ind1=" " ind2=" " tag="044"><subfield code="a">sz</subfield><subfield code="c">ch-zh</subfield></datafield><datafield ind1=" " ind2="7" tag="072"><subfield code="a">in</subfield><subfield code="2">rero</subfield></datafield><datafield ind1="1" ind2=" " tag="100"><subfield code="a">Tetmajer, Ludwig von</subfield><subfield code="d">1850-1905</subfield><subfield code="0">(IDREF)171174844</subfield><subfield code="4">cre</subfield></datafield><datafield ind1="1" ind2="0" tag="245"><subfield code="a">Methoden und Resultate der Untersuchung des Aluminiums und seiner Abkömmlinge</subfield><subfield code="c">Zusammengestellt von L. Tetmajer</subfield></datafield><datafield ind1=" " ind2="1" tag="264"><subfield code="a">Zürich</subfield><subfield code="b">Materialprüfungs-Anstalt</subfield><subfield code="c">1900</subfield></datafield><datafield ind1=" " ind2=" " tag="300"><subfield code="a">183 p., VIII tabl.</subfield><subfield code="b">ill.</subfield><subfield code="c">24 cm</subfield></datafield><datafield ind1=" " ind2=" " tag="336"><subfield code="b">txt</subfield><subfield code="2">rdacontent</subfield></datafield><datafield ind1=" " ind2=" " tag="337"><subfield code="b">n</subfield><subfield code="2">rdamedia</subfield></datafield><datafield ind1=" " ind2=" " tag="338"><subfield code="b">nc</subfield><subfield code="2">rdacarrier</subfield></datafield><datafield ind1="1" ind2=" " tag="490"><subfield code="a">Mitteilungen der Materialprüfungs-Anstalt am schweiz. Polytechnikum in Zürich</subfield><subfield code="v">H. 9</subfield></datafield><datafield ind1=" " ind2=" " tag="500"><subfield code="a">En avant-titre: Landesausstellungs-Ausgabe 1896</subfield></datafield><datafield ind1="2" ind2=" " tag="711"><subfield code="a">Exposition nationale suisse</subfield><subfield code="d">1896</subfield><subfield code="c">Genève, Suisse</subfield><subfield code="0">(IDREF)193136805</subfield></datafield><datafield ind1=" " ind2="0" tag="830"><subfield code="a">Mitteilungen der Materialprüfungs-Anstalt am schweizerischen Polytechnikum in Zürich</subfield><subfield code="v">9</subfield><subfield code="w">(RERO)R005980046-41slsp</subfield></datafield><datafield ind1=" " ind2=" " tag="900"><subfield code="a">REROnoselfmerge</subfield></datafield><datafield ind1=" " ind2=" " tag="910"><subfield code="a">BN</subfield><subfield code="b">20110401</subfield></datafield></record>
</metadata></record>