<record><header><identifier>oai:alma.41SLSP_UGE:991000796399705502</identifier><datestamp>2024-04-11T00:25:44Z</datestamp><setSpec>uge_bcen_RapidILL_BOOK</setSpec><setSpec>uge_aaca_RapidILL_BOOK</setSpec><setSpec>uge_abels_RapidILL_BOOK</setSpec><setSpec>uge_dbu_RapidILL_BOOK</setSpec><setSpec>uge_cmu_RapidILL_BOOK</setSpec><setSpec>uge_mail_RapidILL_BOOK</setSpec><setSpec>uge_abbat_RapidILL_BOOK</setSpec><setSpec>UNIGE_ALL</setSpec><setSpec>uge_aobs_RapidILL_BOOK</setSpec><setSpec>uge_acar_RapidILL_BOOK</setSpec></header><metadata>
<record xmlns="http://www.loc.gov/MARC21/slim" xmlns:xsi="http://www.w3.org/2001/XMLSchema-instance" xsi:schemaLocation="http://www.loc.gov/MARC21/slim http://www.loc.gov/standards/marcxml/schema/MARC21slim.xsd"><leader>08046nam a2201093 c 4500</leader><controlfield tag="001">991000796399705502</controlfield><controlfield tag="005">20240410140930.0</controlfield><controlfield tag="008">201011s2014    sz ||||| |||| 00| ||fre d</controlfield><datafield ind1=" " ind2=" " tag="020"><subfield code="a">9783725569687</subfield><subfield code="c">CHF 82.-</subfield></datafield><datafield ind1=" " ind2=" " tag="035"><subfield code="a">(swissbib)220473625-41slsp_network</subfield></datafield><datafield ind1=" " ind2=" " tag="035"><subfield code="a">220473625</subfield><subfield code="9">ExL</subfield></datafield><datafield ind1=" " ind2=" " tag="035"><subfield code="a">(RERO)R007636587-41slsp</subfield></datafield><datafield ind1=" " ind2=" " tag="035"><subfield code="a">(IDSSG)000644163HSB01</subfield></datafield><datafield ind1=" " ind2=" " tag="035"><subfield code="a">(NEBIS)010080800EBI01</subfield></datafield><datafield ind1=" " ind2=" " tag="035"><subfield code="a">(IDSBB)006225722DSV01</subfield></datafield><datafield ind1=" " ind2=" " tag="035"><subfield code="a">(ALEX)bv9925964401301791</subfield></datafield><datafield ind1=" " ind2=" " tag="035"><subfield code="a">(EXLNZ-41SLSP_NETWORK)991015241959705501</subfield></datafield><datafield ind1=" " ind2=" " tag="040"><subfield code="a">RERO iftfla</subfield><subfield code="d">CH-ZuSLS</subfield></datafield><datafield ind1=" " ind2=" " tag="044"><subfield code="a">sz</subfield><subfield code="c">ch-ge</subfield></datafield><datafield ind1=" " ind2="7" tag="072"><subfield code="a">dr</subfield><subfield code="2">rero</subfield></datafield><datafield ind1=" " ind2="7" tag="072"><subfield code="a">gg</subfield><subfield code="2">SzZuIDS BS/BE</subfield></datafield><datafield ind1=" " ind2="7" tag="072"><subfield code="a">rw</subfield><subfield code="2">SzZuIDS BS/BE</subfield></datafield><datafield ind1="0" ind2="4" tag="082"><subfield code="a">343.494095</subfield><subfield code="2">22</subfield></datafield><datafield ind1="0" ind2="4" tag="082"><subfield code="a">343.095</subfield><subfield code="2">22</subfield></datafield><datafield ind1="0" ind2="4" tag="082"><subfield code="a">385</subfield><subfield code="2">22</subfield></datafield><datafield ind1="1" ind2="4" tag="082"><subfield code="a">340</subfield><subfield code="2">15</subfield></datafield><datafield ind1=" " ind2=" " tag="084"><subfield code="a">A 51.2 h</subfield><subfield code="2">cjurrom</subfield></datafield><datafield ind1=" " ind2=" " tag="084"><subfield code="a">CA/CH 51.2 h</subfield><subfield code="2">cjurrom</subfield></datafield><datafield ind1=" " ind2=" " tag="084"><subfield code="a">CA/B 51.2 h</subfield><subfield code="2">cjurrom</subfield></datafield><datafield ind1=" " ind2=" " tag="084"><subfield code="a">CA/F 51.2 h</subfield><subfield code="2">cjurrom</subfield></datafield><datafield ind1="1" ind2=" " tag="100"><subfield code="a">Rieder, Markus</subfield><subfield code="c">cheminot</subfield><subfield code="d">19..-....</subfield><subfield code="0">(IDREF)179045237</subfield><subfield code="4">cre</subfield></datafield><datafield ind1="1" ind2="0" tag="245"><subfield code="a">Lignes ferroviaires régionales: ouvrir, fermer ou moderniser?: obstacles juridiques, techniques, géopolitiques ou absence de volonté politique?</subfield><subfield code="b">études de quatre lignes ferroviaires franco-belges et franco-suisses</subfield><subfield code="c">Markus Rieder</subfield></datafield><datafield ind1=" " ind2="1" tag="264"><subfield code="a">Genève</subfield><subfield code="b">Schulthess éd. romandes</subfield><subfield code="c">2014</subfield></datafield><datafield ind1=" " ind2=" " tag="300"><subfield code="a">xxv, 388 p.</subfield><subfield code="b">Ill.</subfield></datafield><datafield ind1=" " ind2=" " tag="336"><subfield code="b">txt</subfield><subfield code="2">rdacontent</subfield></datafield><datafield ind1=" " ind2=" " tag="337"><subfield code="b">n</subfield><subfield code="2">rdamedia</subfield></datafield><datafield ind1=" " ind2=" " tag="338"><subfield code="b">nc</subfield><subfield code="2">rdacarrier</subfield></datafield><datafield ind1="0" ind2=" " tag="490"><subfield code="a">Etudes</subfield></datafield><datafield ind1=" " ind2=" " tag="500"><subfield code="a">En même temps: Thèse Univ. Lausanne, 2013</subfield></datafield><datafield ind1=" " ind2=" " tag="502"><subfield code="a">Thèse Univ. Lausanne, 2013</subfield></datafield><datafield ind1=" " ind2=" " tag="504"><subfield code="a">Bibliogr.</subfield></datafield><datafield ind1=" " ind2=" " tag="504"><subfield code="a">Index.</subfield></datafield><datafield ind1=" " ind2="7" tag="650"><subfield code="a">Chemins de fer</subfield><subfield code="0">(IDREF)027222799</subfield><subfield code="2">idref</subfield></datafield><datafield ind1=" " ind2="7" tag="650"><subfield code="a">Trains</subfield><subfield code="0">(IDREF)027760138</subfield><subfield code="2">idref</subfield></datafield><datafield ind1=" " ind2="7" tag="650"><subfield code="a">Géopolitique</subfield><subfield code="0">(IDREF)027732428</subfield><subfield code="2">idref</subfield></datafield><datafield ind1=" " ind2="7" tag="650"><subfield code="a">Droit</subfield><subfield code="0">(IDREF)027466868</subfield><subfield code="2">idref</subfield></datafield><datafield ind1=" " ind2="7" tag="650"><subfield code="a">Développement durable</subfield><subfield code="0">(IDREF)031514669</subfield><subfield code="2">idref</subfield></datafield><datafield ind1=" " ind2="7" tag="650"><subfield code="a">Eisenbahnverkehr</subfield><subfield code="9">ger</subfield><subfield code="0">(RERO)jurivoc000006705ger</subfield><subfield code="2">jurivoc</subfield></datafield><datafield ind1=" " ind2="7" tag="650"><subfield code="a">grenzüberschreitende Zusammenarbeit</subfield><subfield code="9">ger</subfield><subfield code="0">(RERO)jurivoc000010311ger</subfield><subfield code="2">jurivoc</subfield></datafield><datafield ind1=" " ind2="7" tag="650"><subfield code="a">Statistik</subfield><subfield code="9">ger</subfield><subfield code="0">(RERO)jurivoc000021291ger</subfield><subfield code="2">jurivoc</subfield></datafield><datafield ind1=" " ind2="7" tag="650"><subfield code="a">Technik und Recht</subfield><subfield code="9">ger</subfield><subfield code="0">(RERO)jurivoc000022241ger</subfield><subfield code="2">jurivoc</subfield></datafield><datafield ind1=" " ind2="7" tag="650"><subfield code="a">Regionalbahn</subfield><subfield code="0">(DE-588)4395651-8</subfield><subfield code="2">gnd</subfield></datafield><datafield ind1=" " ind2="7" tag="650"><subfield code="a">Internationaler Verkehr</subfield><subfield code="0">(DE-588)4162081-1</subfield><subfield code="2">gnd</subfield></datafield><datafield ind1=" " ind2="7" tag="650"><subfield code="a">Verkehrsrecht</subfield><subfield code="0">(DE-588)4187827-9</subfield><subfield code="2">gnd</subfield></datafield><datafield ind1=" " ind2="7" tag="650"><subfield code="a">Verkehrspolitik</subfield><subfield code="0">(DE-588)4062955-7</subfield><subfield code="2">gnd</subfield></datafield><datafield ind1=" " ind2="7" tag="650"><subfield code="a">Eisenbahnverkehr</subfield><subfield code="0">(DE-588)4151503-1</subfield><subfield code="2">gnd</subfield></datafield><datafield ind1=" " ind2="7" tag="650"><subfield code="a">BELGIEN (WESTEUROPA). KÖNIGREICH BELGIEN</subfield><subfield code="9">ger</subfield><subfield code="0">(ETHUDK)000004515</subfield><subfield code="2">ethudk</subfield></datafield><datafield ind1=" " ind2="7" tag="650"><subfield code="a">EISENBAHNLINIEN (EISENBAHNVERKEHR)</subfield><subfield code="9">ger</subfield><subfield code="0">(ETHUDK)000065663</subfield><subfield code="2">ethudk</subfield></datafield><datafield ind1=" " ind2="7" tag="650"><subfield code="a">EISENBAHNVERKEHR (VERKEHR UND TRANSPORT)</subfield><subfield code="9">ger</subfield><subfield code="0">(ETHUDK)000032382</subfield><subfield code="2">ethudk</subfield></datafield><datafield ind1=" " ind2="7" tag="650"><subfield code="a">FRANKREICH (WESTEUROPA). FRANZÖSISCHE REPUBLIK</subfield><subfield code="9">ger</subfield><subfield code="0">(ETHUDK)000003272</subfield><subfield code="2">ethudk</subfield></datafield><datafield ind1=" " ind2="7" tag="650"><subfield code="a">LÄNDLICHE ENTWICKLUNG (RAUMPLANUNG)</subfield><subfield code="9">ger</subfield><subfield code="0">(ETHUDK)000059850</subfield><subfield code="2">ethudk</subfield></datafield><datafield ind1=" " ind2="7" tag="650"><subfield code="a">NAHVERKEHR + LOKALVERKEHR (VERKEHR UND TRANSPORT)</subfield><subfield code="9">ger</subfield><subfield code="0">(ETHUDK)000032335</subfield><subfield code="2">ethudk</subfield></datafield><datafield ind1=" " ind2="7" tag="650"><subfield code="a">REGIONALENTWICKLUNG (RAUMPLANUNG)</subfield><subfield code="9">ger</subfield><subfield code="0">(ETHUDK)000059848</subfield><subfield code="2">ethudk</subfield></datafield><datafield ind1=" " ind2="7" tag="650"><subfield code="a">SCHWEIZ (MITTELEUROPA). SCHWEIZERISCHE EIDGENOSSENSCHAFT</subfield><subfield code="9">ger</subfield><subfield code="0">(ETHUDK)000004571</subfield><subfield code="2">ethudk</subfield></datafield><datafield ind1=" " ind2="7" tag="650"><subfield code="a">VERKEHRSPLANUNG (VERKEHR UND TRANSPORT)</subfield><subfield code="9">ger</subfield><subfield code="0">(ETHUDK)000032350</subfield><subfield code="2">ethudk</subfield></datafield><datafield ind1=" " ind2="7" tag="650"><subfield code="a">VERKEHRSWIRTSCHAFT</subfield><subfield code="9">ger</subfield><subfield code="0">(ETHUDK)000010798</subfield><subfield code="2">ethudk</subfield></datafield><datafield ind1=" " ind2="7" tag="650"><subfield code="a">ÖFFENTLICHER VERKEHR (VERKEHR UND TRANSPORT)</subfield><subfield code="9">ger</subfield><subfield code="0">(ETHUDK)000032365</subfield><subfield code="2">ethudk</subfield></datafield><datafield ind1=" " ind2="7" tag="650"><subfield code="a">Transportrecht</subfield><subfield code="0">(DE-588)4225140-0</subfield><subfield code="2">gnd</subfield></datafield><datafield ind1=" " ind2="7" tag="650"><subfield code="a">Nachhaltigkeit</subfield><subfield code="0">(DE-588)4326464-5</subfield><subfield code="2">gnd</subfield></datafield><datafield ind1=" " ind2="7" tag="650"><subfield code="a">Kosten-Nutzen-Analyse</subfield><subfield code="0">(DE-588)4032589-1</subfield><subfield code="2">gnd</subfield></datafield><datafield ind1=" " ind2="7" tag="650"><subfield code="a">Regionalplanung</subfield><subfield code="0">(DE-588)4049040-3</subfield><subfield code="2">gnd</subfield></datafield><datafield ind1=" " ind2="7" tag="650"><subfield code="a">Rechtsvergleich</subfield><subfield code="0">(DE-588)4115712-6</subfield><subfield code="2">gnd</subfield></datafield><datafield ind1=" " ind2="7" tag="650"><subfield code="a">Internationaler Eisenbahnverkehr</subfield><subfield code="0">(DE-588)4202634-9</subfield><subfield code="2">gnd</subfield></datafield><datafield ind1=" " ind2="7" tag="650"><subfield code="a">Regionalverkehr</subfield><subfield code="0">(DE-588)4177433-4</subfield><subfield code="2">gnd</subfield></datafield><datafield ind1=" " ind2="7" tag="651"><subfield code="a">Belgique</subfield><subfield code="0">(IDREF)02725030X</subfield><subfield code="2">idref</subfield></datafield><datafield ind1=" " ind2="7" tag="651"><subfield code="a">Suisse</subfield><subfield code="0">(IDREF)027249654</subfield><subfield code="2">idref</subfield></datafield><datafield ind1=" " ind2="7" tag="651"><subfield code="a">France</subfield><subfield code="0">(IDREF)027226794</subfield><subfield code="2">idref</subfield></datafield><datafield ind1=" " ind2="7" tag="651"><subfield code="a">Schweiz</subfield><subfield code="9">ger</subfield><subfield code="0">(RERO)jurivoc000019912ger</subfield><subfield code="2">jurivoc</subfield></datafield><datafield ind1=" " ind2="7" tag="651"><subfield code="a">Belgien</subfield><subfield code="9">ger</subfield><subfield code="0">(RERO)jurivoc000003183ger</subfield><subfield code="2">jurivoc</subfield></datafield><datafield ind1=" " ind2="7" tag="651"><subfield code="a">Frankreich</subfield><subfield code="9">ger</subfield><subfield code="0">(RERO)jurivoc000008683ger</subfield><subfield code="2">jurivoc</subfield></datafield><datafield ind1=" " ind2="7" tag="651"><subfield code="a">Schweiz</subfield><subfield code="0">(DE-588)4053881-3</subfield><subfield code="2">gnd</subfield></datafield><datafield ind1=" " ind2="7" tag="651"><subfield code="a">Frankreich</subfield><subfield code="0">(DE-588)4018145-5</subfield><subfield code="2">gnd</subfield></datafield><datafield ind1=" " ind2="7" tag="651"><subfield code="a">Belgien</subfield><subfield code="0">(DE-588)4005406-8</subfield><subfield code="2">gnd</subfield></datafield><datafield ind1=" " ind2="7" tag="655"><subfield code="a">Thèses et écrits académiques</subfield><subfield code="0">(IDREF)027253139</subfield><subfield code="2">idref</subfield></datafield><datafield ind1=" " ind2="7" tag="655"><subfield code="a">Hochschulschrift</subfield><subfield code="2">gnd-content</subfield></datafield><datafield ind1=" " ind2=" " tag="690"><subfield code="a">Abbildung; Tabellenwerk; Eisenbahnnetz; Übersicht; Angebot; Diskussion; Entwicklung; dauerhafte Entwicklung; Bahn; Folge; Schema; Industriegebiet; Konflikt; Planungsmethode; ländliche Region; Abteilung; Abgrenzung; Agglomeration; Anforderung; Forschung; Gesetzgebung; Infrastruktur; Instandhaltung; Konzept; Studium; Bezirk; Humankapital; Republik; Transport; Güterverkehr; Spiel; Behörde; Belgien; Grenze; Index; Indikator; Pflege; Schweiz; Vorschrift; nachhaltige Entwicklung; Finanzierung; Förderung; Konvention; Modus; Staat; Stichprobenverfahren; Strukturierung; Terminologie; Vertrag; Zeitungsausschnitt; Bilanz; Broschüre; Comte; Dienstleistung; Ehrgeiz; European; Franco; Jura; Keyword; Korridor; Mezieres; Prozess; Zusammenfassung</subfield><subfield code="2">idssg-J</subfield></datafield><datafield ind1=" " ind2=" " tag="690"><subfield code="a">Regionalbahnlinie; Schlussfolgerunge; Zwischenübersicht; Kurzfassung; Pflegeanleitung; Spielerspiel; Ardennenabteilung; Betriebsmodus; Eisenbahninfrastruktur; Forschungsfrage; Forschungsziel; Nebenstrecke; Regionalstrecke; Sondervorschrift; Aktienkapital; Boncourt; Güterverkehrskorridor; Kapitalindustrie; Kernlebensraum; Naturkapital; Rahmenbedingung; Rechtsrahmen; Uhrmacher; Visitenkarte</subfield><subfield code="2">idssg-J</subfield></datafield><datafield ind1=" " ind2=" " tag="690"><subfield code="a">reisender Güterverkehrskorridor; allgemeine Abbildung; allgemeines Geschäft; allgemeine Tabelle; besondere Anforderung; europäischer Güterverkehrskorridor; flaches Land; französischbelgischer Franco; französischbelgische Eisenbahn; französischbelgischer Fall; französischbelgische Linie; französischschweizerischer Fall; geopolitischer Konflikt; geopolitischer Rahmen; geostrategischer Konflikt; gleichberechtigter Zugang; grenzüberschreitende Eisenbahnlinie; grenzüberschreitende Regionalbahn; grenzüberschreitende Regionalbahnlinie; institutioneller Rahmen; internationaler Ehrgeiz; kritische Masse; kritisches Maß; lokale Behörde; ländliches Gebiet; ländliche Planung; minimales Angebot; minimales Potenzial; neue Barriere; neue Grenze; problematische Bahnlinie; rechtliche Rahmenbedingung; regionale Bahnlinie; regionale Eisenbahnlinie; schweizer Linie; sozioökonomische Bedeutung; technischer Rahmen; territoriale Kompetenz; territoriale Organisation; verschiedenes Industriegebiet; vorgeschlagenes Verfahren; vorgestelltes Verfahren; wallonische Region; öffentliche Ordnung</subfield><subfield code="2">idssg-J</subfield></datafield><datafield ind1=" " ind2=" " tag="690"><subfield code="a">Frankreich C4EUFR; Schweiz C4EXSI; Belgien C4EUBL; China C9CHIN; Vereinigte Staaten C1USA</subfield><subfield code="2">idssg-J</subfield></datafield><datafield ind1=" " ind2=" " tag="690"><subfield code="a">besonder Anforderungen Allgemeine Geschäfts; Buch Broschüren Studien Zeitungsausschnitte; Champagne Ardenne ArdennenAbteilung; Delémont Porrentruy Boncourt BelfortDelleline; Franco Swiss Markus Rieder Regionalbahnlinien; Franco Swiss Schulthess EDITIONS Romandes; Importancesocio ÖKONOMISCHEzwei; Kanton Neuenburg Bezirke; Konflikt Games Spieler; Locle Morteau Besançon; Maigret; Norden PasdeCalais Nord Abteilung; Overseas Quievrain; Region Franche Comte Doubs; Republik Bezirke Delémont; Schulthess EDITIONS Romandes; schweizer Linien Land; sozioökonomisch Bedeutung INTERAnschluss; Staat RegionVereinbarungen Finanzierung; wallonisch Region Provinz Hennegau</subfield><subfield code="2">idssg-J</subfield></datafield><datafield ind1="4" ind2=" " tag="856"><subfield code="3">Titelblatt und Inhaltsverzeichnis</subfield><subfield code="u">https://toc.library.ethz.ch/objects/pdf03/z01_978-3-7255-6968-7_01.pdf</subfield><subfield code="q">pdf</subfield></datafield><datafield ind1=" " ind2=" " tag="900"><subfield code="a">IDSZ2zbzmon201402p</subfield><subfield code="c">IDSZ2wuet</subfield><subfield code="d">IDSZ2zbzswk201408g</subfield><subfield code="e">IDSZ2bruu</subfield></datafield><datafield ind1=" " ind2=" " tag="900"><subfield code="a">IDSE5E51ANH-2014</subfield></datafield><datafield ind1=" " ind2=" " tag="900"><subfield code="a">IDSZ2rwimon201402l</subfield><subfield code="c">IDSZ2buche</subfield><subfield code="d">IDSZ2rwiswk201405b</subfield><subfield code="e">IDSZ2paru</subfield></datafield><datafield ind1=" " ind2=" " tag="949"><subfield code="a">https://toc.library.ethz.ch/objects/pdf03/z01_978-3-7255-6968-7_01.pdf</subfield></datafield></record>
</metadata></record>