<record><header><identifier>oai:alma.41SLSP_UGE:991000796509705502</identifier><datestamp>2024-04-11T00:19:49Z</datestamp><setSpec>uge_bcen_RapidILL_BOOK</setSpec><setSpec>uge_aaca_RapidILL_BOOK</setSpec><setSpec>uge_abels_RapidILL_BOOK</setSpec><setSpec>uge_dbu_RapidILL_BOOK</setSpec><setSpec>uge_cmu_RapidILL_BOOK</setSpec><setSpec>uge_mail_RapidILL_BOOK</setSpec><setSpec>uge_abbat_RapidILL_BOOK</setSpec><setSpec>UNIGE_ALL</setSpec><setSpec>uge_aobs_RapidILL_BOOK</setSpec><setSpec>uge_acar_RapidILL_BOOK</setSpec></header><metadata>
<record xmlns="http://www.loc.gov/MARC21/slim" xmlns:xsi="http://www.w3.org/2001/XMLSchema-instance" xsi:schemaLocation="http://www.loc.gov/MARC21/slim http://www.loc.gov/standards/marcxml/schema/MARC21slim.xsd"><leader>03874nam a2200841 c 4500</leader><controlfield tag="001">991000796509705502</controlfield><controlfield tag="005">20240410142830.0</controlfield><controlfield tag="008">201011t19971997sz ||||| |||| 00| ||ger d</controlfield><datafield ind1=" " ind2=" " tag="020"><subfield code="a">3952104418</subfield><subfield code="c">Fr. 71.-</subfield></datafield><datafield ind1=" " ind2=" " tag="035"><subfield code="a">(swissbib)226106225-41slsp_network</subfield></datafield><datafield ind1=" " ind2=" " tag="035"><subfield code="a">226106225</subfield><subfield code="9">ExL</subfield></datafield><datafield ind1=" " ind2=" " tag="035"><subfield code="a">(RERO)R216607660-41slsp</subfield></datafield><datafield ind1=" " ind2=" " tag="035"><subfield code="a">(NEBIS)001801666EBI01</subfield></datafield><datafield ind1=" " ind2=" " tag="035"><subfield code="a">(IDSBB)001924494DSV01</subfield></datafield><datafield ind1=" " ind2=" " tag="035"><subfield code="a">(IDSSG)000162817HSB01</subfield></datafield><datafield ind1=" " ind2=" " tag="035"><subfield code="a">(IDSLU)000105120ILU01</subfield></datafield><datafield ind1=" " ind2=" " tag="035"><subfield code="a">(EXLNZ-41SLSP_NETWORK)991109322139705501</subfield></datafield><datafield ind1=" " ind2=" " tag="040"><subfield code="a">RERO neubfd</subfield><subfield code="d">CH-ZuSLS</subfield></datafield><datafield ind1=" " ind2=" " tag="044"><subfield code="a">sz</subfield><subfield code="c">ch-zh</subfield></datafield><datafield ind1=" " ind2="7" tag="072"><subfield code="a">dr</subfield><subfield code="2">rero</subfield></datafield><datafield ind1=" " ind2="7" tag="072"><subfield code="a">rw</subfield><subfield code="2">SzZuIDS BS/BE</subfield></datafield><datafield ind1=" " ind2="7" tag="072"><subfield code="a">840</subfield><subfield code="2">IDS LU</subfield></datafield><datafield ind1="0" ind2="0" tag="082"><subfield code="a">347.494/05</subfield><subfield code="2">21</subfield></datafield><datafield ind1="0" ind2="4" tag="082"><subfield code="a">347.494/05 21</subfield><subfield code="2">22/ger</subfield></datafield><datafield ind1="1" ind2="4" tag="082"><subfield code="a">340</subfield><subfield code="2">15</subfield></datafield><datafield ind1=" " ind2=" " tag="084"><subfield code="a">CA/CH-ZH 97 d</subfield><subfield code="2">cjurrom</subfield></datafield><datafield ind1=" " ind2=" " tag="084"><subfield code="a">CA/CH-ZH 97 b</subfield><subfield code="2">cjurrom</subfield></datafield><datafield ind1=" " ind2=" " tag="084"><subfield code="a">PU 2680</subfield><subfield code="2">rvk</subfield></datafield><datafield ind1="1" ind2=" " tag="100"><subfield code="6">880-01</subfield><subfield code="a">Huber, Pius Markus</subfield><subfield code="0">(RERO)A003387274</subfield><subfield code="4">cre</subfield></datafield><datafield ind1="1" ind2=" " tag="880"><subfield code="6">100-01</subfield><subfield code="a">Huber, Pius Markus</subfield><subfield code="0">(DE-588)108921443X</subfield></datafield><datafield ind1="1" ind2="0" tag="245"><subfield code="a">Zivilprozessrecht</subfield><subfield code="b">Praxishandbuch : neuere Zürcher Praxis zur ZPO mit Anmerkungen : über 130 BGE zum Zivilprozessrecht : mit folgenden Gesetzestexten: Zürcher Zivilprozessordnung, Gerichtsverfassungsgesetz ..., Auszüge aus dem IPRG, OG</subfield><subfield code="c">Pius Markus Huber ; unter Mitwirkung von Ursula Schefer</subfield></datafield><datafield ind1="1" ind2="0" tag="246"><subfield code="a">Zivilprozessrecht</subfield></datafield><datafield ind1=" " ind2="1" tag="264"><subfield code="a">Zihlschlacht</subfield><subfield code="b">Schefer Verlag</subfield><subfield code="c">[1997]</subfield></datafield><datafield ind1=" " ind2="4" tag="264"><subfield code="c">© 1997</subfield></datafield><datafield ind1=" " ind2=" " tag="300"><subfield code="a">696 S.</subfield><subfield code="c">23 cm</subfield></datafield><datafield ind1=" " ind2=" " tag="336"><subfield code="b">txt</subfield><subfield code="2">rdacontent</subfield></datafield><datafield ind1=" " ind2=" " tag="337"><subfield code="b">n</subfield><subfield code="2">rdamedia</subfield></datafield><datafield ind1=" " ind2=" " tag="338"><subfield code="b">nc</subfield><subfield code="2">rdacarrier</subfield></datafield><datafield ind1=" " ind2=" " tag="500"><subfield code="a">Zürich (Kanton). - Jurisprudence</subfield></datafield><datafield ind1=" " ind2=" " tag="500"><subfield code="a">Enthält u.a. die Texte: Zürcher Zivilprozessordnung, Gerichtsverfassungsgesetz, Lugano-Übereinkommen ...</subfield></datafield><datafield ind1=" " ind2=" " tag="504"><subfield code="a">Literaturverz. S. 22-105</subfield></datafield><datafield ind1="1" ind2="7" tag="610"><subfield code="a">Kanton Zürich</subfield><subfield code="t">Zivilprozessordnung</subfield><subfield code="0">(DE-588)4323882-8</subfield><subfield code="2">gnd</subfield></datafield><datafield ind1=" " ind2="7" tag="650"><subfield code="a">Zivilprozess</subfield><subfield code="9">ger</subfield><subfield code="0">(RERO)jurivoc000027110ger</subfield><subfield code="2">jurivoc</subfield></datafield><datafield ind1=" " ind2="7" tag="650"><subfield code="a">kantonales Recht</subfield><subfield code="9">ger</subfield><subfield code="0">(RERO)jurivoc000012405ger</subfield><subfield code="2">jurivoc</subfield></datafield><datafield ind1=" " ind2="7" tag="650"><subfield code="a">Gerichts- und Verwaltungspraxis</subfield><subfield code="9">ger</subfield><subfield code="0">(RERO)jurivoc000009624ger</subfield><subfield code="2">jurivoc</subfield></datafield><datafield ind1=" " ind2="7" tag="650"><subfield code="a">richterliche Behörde</subfield><subfield code="9">ger</subfield><subfield code="0">(RERO)jurivoc000018932ger</subfield><subfield code="2">jurivoc</subfield></datafield><datafield ind1=" " ind2="7" tag="650"><subfield code="a">kantonale Behörde</subfield><subfield code="9">ger</subfield><subfield code="0">(RERO)jurivoc000012350ger</subfield><subfield code="2">jurivoc</subfield></datafield><datafield ind1=" " ind2="7" tag="650"><subfield code="a">oberstes Gericht</subfield><subfield code="9">ger</subfield><subfield code="0">(RERO)jurivoc000016213ger</subfield><subfield code="2">jurivoc</subfield></datafield><datafield ind1=" " ind2="7" tag="650"><subfield code="a">Bundesgericht</subfield><subfield code="9">ger</subfield><subfield code="0">(RERO)jurivoc000004684ger</subfield><subfield code="2">jurivoc</subfield></datafield><datafield ind1=" " ind2="7" tag="650"><subfield code="a">kantonale Zivilprozessordnung</subfield><subfield code="9">ger</subfield><subfield code="0">(RERO)jurivoc000012367ger</subfield><subfield code="2">jurivoc</subfield></datafield><datafield ind1=" " ind2="7" tag="650"><subfield code="a">Procédure civile</subfield><subfield code="0">(IDREF)028941314</subfield><subfield code="2">idref</subfield></datafield><datafield ind1=" " ind2="7" tag="650"><subfield code="a">Zivilprozessrecht</subfield><subfield code="2">idszbz</subfield></datafield><datafield ind1=" " ind2="7" tag="650"><subfield code="a">Zivilprozessrecht</subfield><subfield code="0">(DE-588)4117728-9</subfield><subfield code="2">gnd</subfield></datafield><datafield ind1=" " ind2="0" tag="650"><subfield code="a">Civil procedure</subfield><subfield code="z">Switzerland</subfield></datafield><datafield ind1=" " ind2="0" tag="650"><subfield code="a">Civil procedure</subfield><subfield code="z">Switzerland</subfield><subfield code="z">Zurich (Canton)</subfield></datafield><datafield ind1=" " ind2="0" tag="650"><subfield code="a">Civil procedure</subfield><subfield code="z">Switzerland</subfield><subfield code="z">Zurich (Canton)</subfield><subfield code="v">Handbooks, manuals, etc</subfield></datafield><datafield ind1=" " ind2="7" tag="650"><subfield code="a">Zivilprozess</subfield><subfield code="z">Zürich (Kanton)</subfield><subfield code="v">0 Gesamtdarstellung</subfield><subfield code="2">idsbb</subfield></datafield><datafield ind1=" " ind2="7" tag="651"><subfield code="a">Schweiz</subfield><subfield code="9">ger</subfield><subfield code="0">(RERO)jurivoc000019912ger</subfield><subfield code="2">jurivoc</subfield></datafield><datafield ind1=" " ind2="7" tag="651"><subfield code="a">Zürich(Kanton)</subfield><subfield code="9">ger</subfield><subfield code="0">(RERO)jurivoc000027353ger</subfield><subfield code="2">jurivoc</subfield></datafield><datafield ind1=" " ind2="7" tag="651"><subfield code="a">Zurich (Suisse ; canton)</subfield><subfield code="0">(IDREF)028179420</subfield><subfield code="2">idref</subfield></datafield><datafield ind1=" " ind2="7" tag="651"><subfield code="a">Schweiz</subfield><subfield code="2">idszbz</subfield></datafield><datafield ind1=" " ind2="7" tag="651"><subfield code="a">Zürich (Kanton)</subfield><subfield code="2">idszbz</subfield></datafield><datafield ind1=" " ind2="7" tag="651"><subfield code="a">Schweiz</subfield><subfield code="0">(DE-588)4053881-3</subfield><subfield code="2">gnd</subfield></datafield><datafield ind1=" " ind2="7" tag="655"><subfield code="a">Entscheidsammlung</subfield><subfield code="9">ger</subfield><subfield code="2">jurivoc</subfield><subfield code="0">(RERO)jurivoc000006982ger</subfield></datafield><datafield ind1=" " ind2="7" tag="655"><subfield code="a">Textreproduktion</subfield><subfield code="9">ger</subfield><subfield code="2">jurivoc</subfield><subfield code="0">(RERO)jurivoc000022433ger</subfield></datafield><datafield ind1=" " ind2="7" tag="655"><subfield code="a">Quelle</subfield><subfield code="2">idszbz</subfield></datafield><datafield ind1=" " ind2="7" tag="655"><subfield code="a">Entscheidungssammlung</subfield><subfield code="2">gnd-content</subfield></datafield><datafield ind1=" " ind2=" " tag="690"><subfield code="a">Zivilprozessrecht. Schweiz: Zürich-Kt., B: Rechtsprechung</subfield><subfield code="2">rzs-L1</subfield></datafield><datafield ind1=" " ind2=" " tag="690"><subfield code="a">Zürich-Kt., B: Zivilprozessrecht: Rechtsprechung</subfield><subfield code="2">rzs-L1</subfield></datafield><datafield ind1=" " ind2=" " tag="690"><subfield code="a">Rechtsprechung. Schweiz, B: Zivilprozessrecht</subfield><subfield code="2">rzs-L1</subfield></datafield><datafield ind1=" " ind2=" " tag="691"><subfield code="e">PC 97 CH-ZH</subfield><subfield code="2">rzs-L1</subfield></datafield><datafield ind1="1" ind2=" " tag="700"><subfield code="a">Schefer, Ursula</subfield><subfield code="0">(RERO)A003793625</subfield></datafield><datafield ind1="1" ind2="2" tag="710"><subfield code="a">Zürich (Kanton)</subfield><subfield code="t">Lois et arrêtés</subfield></datafield><datafield ind1="1" ind2="2" tag="710"><subfield code="a">Suisse</subfield><subfield code="t">Lois et arrêtés</subfield><subfield code="d">1943-1988</subfield></datafield></record>
</metadata></record>