<record><header><identifier>oai:alma.41SLSP_UGE:991000796719705502</identifier><datestamp>2023-06-26T00:14:45Z</datestamp><setSpec>UNIGE_ALL</setSpec></header><metadata>
<record xmlns="http://www.loc.gov/MARC21/slim" xmlns:xsi="http://www.w3.org/2001/XMLSchema-instance" xsi:schemaLocation="http://www.loc.gov/MARC21/slim http://www.loc.gov/standards/marcxml/schema/MARC21slim.xsd"><leader>03779ngm a2200649 c 4500</leader><controlfield tag="001">991000796719705502</controlfield><controlfield tag="005">20230625103009.0</controlfield><controlfield tag="007">vd |v||||</controlfield><controlfield tag="008">201011s2006    fr --- -          v-fre|d</controlfield><datafield ind1=" " ind2=" " tag="019"><subfield code="a">Descrizione ricavata dalla confezione e da fonti esterne al documento</subfield><subfield code="5">SBT/09.01.2008/BUL/RCG</subfield></datafield><datafield ind1="4" ind2="2" tag="028"><subfield code="a">EAN: 3346030015414</subfield></datafield><datafield ind1=" " ind2=" " tag="035"><subfield code="a">(swissbib)215114272-41slsp_network</subfield></datafield><datafield ind1=" " ind2=" " tag="035"><subfield code="a">215114272</subfield><subfield code="9">ExL</subfield></datafield><datafield ind1=" " ind2=" " tag="035"><subfield code="a">(IDSSG)000522201HSB01</subfield></datafield><datafield ind1=" " ind2=" " tag="035"><subfield code="a">(SBT)000557698SBT01</subfield></datafield><datafield ind1=" " ind2=" " tag="035"><subfield code="a">(RERO)R004103778-41slsp</subfield></datafield><datafield ind1=" " ind2=" " tag="035"><subfield code="a">(EXLNZ-41SLSP_NETWORK)991142019139705501</subfield></datafield><datafield ind1=" " ind2=" " tag="040"><subfield code="a">RERO labcud</subfield><subfield code="b">ger</subfield><subfield code="e">kids</subfield><subfield code="d">CH-ZuSLS</subfield></datafield><datafield ind1=" " ind2="7" tag="072"><subfield code="a">ss</subfield><subfield code="2">rero</subfield></datafield><datafield ind1=" " ind2="7" tag="072"><subfield code="a">sp</subfield><subfield code="2">rero</subfield></datafield><datafield ind1="1" ind2=" " tag="080"><subfield code="a">791.43-92(086.8):32</subfield></datafield><datafield ind1="0" ind2="0" tag="245"><subfield code="a">&lt;&lt;Les&gt;&gt; groupes Medvedkine</subfield><subfield code="b">filmez des photos, des textes, des manifs, des moments de votre vie car... le film est une arme</subfield><subfield code="c">Chris Marker, Mario Marret, Bruno Muel ... [et al.]</subfield></datafield><datafield ind1=" " ind2="1" tag="264"><subfield code="a">[Paris]</subfield><subfield code="b">Ed. Montparnasse</subfield><subfield code="c">2006</subfield></datafield><datafield ind1=" " ind2="4" tag="264"><subfield code="c">© 2006</subfield></datafield><datafield ind1=" " ind2=" " tag="300"><subfield code="a">2 DVD vidéo (152 et 182 min) en 1 coffret</subfield><subfield code="b">noir-blanc et couleur PAL</subfield><subfield code="e">1 fasc. (59 p. : ill.)</subfield></datafield><datafield ind1=" " ind2=" " tag="336"><subfield code="b">tdi</subfield><subfield code="2">rdacontent</subfield></datafield><datafield ind1=" " ind2=" " tag="337"><subfield code="b">v</subfield><subfield code="2">rdamedia</subfield></datafield><datafield ind1=" " ind2=" " tag="338"><subfield code="b">vd</subfield><subfield code="2">rdacarrier</subfield></datafield><datafield ind1="0" ind2=" " tag="490"><subfield code="a">Le geste cinématographique</subfield></datafield><datafield ind1=" " ind2=" " tag="500"><subfield code="a">La couv. du coffret DVD porte la mention: Filmez des photos, des textes, des manifs, des moments de votre vie car ... le film est une arme</subfield></datafield><datafield ind1=" " ind2=" " tag="500"><subfield code="a">Fasc. dossier par l'équipe d'Iskra, avec la collab. de Donald Sturbelle, à partir du travail de Bernard Benoliel et Bruno Muel</subfield></datafield><datafield ind1=" " ind2=" " tag="500"><subfield code="a">Format écran: 4/3 (zone 2)</subfield></datafield><datafield ind1="0" ind2="0" tag="505"><subfield code="g">DVD 1</subfield><subfield code="t">'Besançon': A bientôt, j'espère (Ch. Marker &amp; Mario Marret, 1967-68)</subfield><subfield code="t">&lt;&lt;La&gt;&gt; charnière (1968)</subfield><subfield code="t">Classe de lutte (avec: Suzanne Zedet, 1968) ; Rhodia 4/8 (1969)</subfield><subfield code="t">Nouvelle société 5 &quot;Kelton&quot; (1969)</subfield><subfield code="t">Nouvelle société 6 &quot;Biscuiterie Buhler&quot; (1969)</subfield><subfield code="t">Nouvelle société 7 &quot;Augé découpage&quot; (1970)</subfield><subfield code="t">Lettre à mon ami Pol Cèbe (Michel Desrois, 1971)</subfield><subfield code="t">&lt;&lt;Le&gt;&gt; traîneau-échelle (J.-P. Thiébaud, 1971)</subfield></datafield><datafield ind1="0" ind2="0" tag="505"><subfield code="g">DVD 2</subfield><subfield code="t">'Sochaux': Sochaux, 11 juin 1968 (1970)</subfield><subfield code="t">&lt;&lt;Les&gt;&gt; trois-quarts de la vie (avec: Christian Corouge, 1971)</subfield><subfield code="t">Week-end à Sochaux (1971-72)</subfield><subfield code="t">Avec le sang des autres (Bruno Muel, 1974)</subfield><subfield code="t">Septembre chilien (Bruno Muel et Théo Robichet, 1973)</subfield></datafield><datafield ind1="8" ind2=" " tag="520"><subfield code="a">&quot;Quatorze films réalisés entre 1967 et 1974 par les groupes Medvedkine. Six heures de films, documentaire passionnant sur la fin flamboyante d'une certaine utopie prolétaire. Six heures et sept années où les travailleurs se réapproprient le cinéma, détourne son instrumentalisation bourgeoise, transforment un outil pour &quot;abrutir les masses&quot; en témoignages de leur vie.&quot;</subfield><subfield code="5">RERO/geheid/08.2010</subfield></datafield><datafield ind1=" " ind2=" " tag="538"><subfield code="a">Ländercode 2, PAL, Format 4/3</subfield></datafield><datafield ind1="1" ind2="7" tag="600"><subfield code="a">Medvedkin, Aleksandr I.</subfield><subfield code="d">1900-1989</subfield><subfield code="0">(DE-588)130017027</subfield><subfield code="2">gnd</subfield></datafield><datafield ind1="2" ind2="7" tag="610"><subfield code="a">Peugeot (France)</subfield><subfield code="b">Centre (Sochaux)</subfield><subfield code="0">(RERO)A010215775</subfield><subfield code="2">rero</subfield></datafield><datafield ind1=" " ind2="7" tag="650"><subfield code="a">Arbeiterbewegung</subfield><subfield code="0">(DE-588)4002581-0</subfield><subfield code="2">gnd</subfield></datafield><datafield ind1=" " ind2="7" tag="650"><subfield code="a">Syndicalisme</subfield><subfield code="0">(IDREF)027481352</subfield><subfield code="2">idref</subfield></datafield><datafield ind1=" " ind2="7" tag="650"><subfield code="a">1967-1973</subfield><subfield code="2">rero</subfield></datafield><datafield ind1=" " ind2="7" tag="650"><subfield code="a">Conditions de travail</subfield><subfield code="0">(IDREF)027466272</subfield><subfield code="2">idref</subfield></datafield><datafield ind1=" " ind2="7" tag="650"><subfield code="a">coup d'Etat</subfield><subfield code="0">(RERO)A009980256</subfield><subfield code="2">rerovoc</subfield></datafield><datafield ind1=" " ind2="7" tag="650"><subfield code="a">1973</subfield><subfield code="2">rero</subfield></datafield><datafield ind1=" " ind2="7" tag="650"><subfield code="a">Travailleurs</subfield><subfield code="0">(IDREF)027791505</subfield><subfield code="2">idref</subfield></datafield><datafield ind1=" " ind2="7" tag="650"><subfield code="a">Mouvements sociaux</subfield><subfield code="0">(IDREF)027435628</subfield><subfield code="2">idref</subfield></datafield><datafield ind1=" " ind2="7" tag="651"><subfield code="a">Frankreich</subfield><subfield code="0">(DE-588)4018145-5</subfield><subfield code="2">gnd</subfield></datafield><datafield ind1=" " ind2="7" tag="651"><subfield code="a">France</subfield><subfield code="0">(IDREF)027226794</subfield><subfield code="2">idref</subfield></datafield><datafield ind1=" " ind2="7" tag="651"><subfield code="a">Besançon (Doubs)</subfield><subfield code="0">(IDREF)027250342</subfield><subfield code="2">idref</subfield></datafield><datafield ind1=" " ind2="7" tag="651"><subfield code="a">Chili</subfield><subfield code="0">(IDREF)027222950</subfield><subfield code="2">idref</subfield></datafield><datafield ind1=" " ind2="7" tag="655"><subfield code="a">Film</subfield><subfield code="2">gnd-content</subfield></datafield><datafield ind1=" " ind2="7" tag="655"><subfield code="a">DVD</subfield><subfield code="2">idref</subfield><subfield code="0">(IDREF)035108444</subfield></datafield><datafield ind1=" " ind2=" " tag="691"><subfield code="e">305.5620944</subfield><subfield code="a">Classi sociali. Proletariato. Francia</subfield><subfield code="2">usi-TE</subfield></datafield><datafield ind1="1" ind2=" " tag="700"><subfield code="a">Marret, Mario</subfield></datafield><datafield ind1="1" ind2=" " tag="700"><subfield code="a">Muel, Bruno</subfield></datafield><datafield ind1="1" ind2=" " tag="700"><subfield code="6">880-04</subfield><subfield code="a">Marker, Chris</subfield><subfield code="d">1921-2012</subfield><subfield code="0">(IDREF)02701066X</subfield></datafield><datafield ind1="1" ind2=" " tag="880"><subfield code="6">700-04</subfield><subfield code="a">Marker, Chris</subfield><subfield code="0">(SBT11)000011361</subfield></datafield><datafield ind1=" " ind2="0" tag="830"><subfield code="a">&lt;&lt;Le&gt;&gt; geste cinématographique</subfield></datafield></record>
</metadata></record>