<record><header><identifier>oai:alma.41SLSP_UGE:991000796539705502</identifier><datestamp>2024-08-09T00:06:02Z</datestamp><setSpec>uge_bcen_RapidILL_BOOK</setSpec><setSpec>uge_aaca_RapidILL_BOOK</setSpec><setSpec>uge_abels_RapidILL_BOOK</setSpec><setSpec>uge_dbu_RapidILL_BOOK</setSpec><setSpec>uge_cmu_RapidILL_BOOK</setSpec><setSpec>uge_mail_RapidILL_BOOK</setSpec><setSpec>uge_abbat_RapidILL_BOOK</setSpec><setSpec>UNIGE_ALL</setSpec><setSpec>uge_aobs_RapidILL_BOOK</setSpec><setSpec>uge_acar_RapidILL_BOOK</setSpec></header><metadata>
<record xmlns="http://www.loc.gov/MARC21/slim" xmlns:xsi="http://www.w3.org/2001/XMLSchema-instance" xsi:schemaLocation="http://www.loc.gov/MARC21/slim http://www.loc.gov/standards/marcxml/schema/MARC21slim.xsd"><leader>06266nam a2201093 c 4500</leader><controlfield tag="001">991000796539705502</controlfield><controlfield tag="005">20240410141948.0</controlfield><controlfield tag="008">201012s2017    sz            11| | ger d</controlfield><datafield ind1=" " ind2=" " tag="019"><subfield code="a">Notices analytiques</subfield><subfield code="5">RERO/iftfla/02.2017</subfield></datafield><datafield ind1=" " ind2=" " tag="020"><subfield code="z">9783727298417</subfield><subfield code="q">E-Book</subfield></datafield><datafield ind1=" " ind2=" " tag="020"><subfield code="z">9783035414110</subfield><subfield code="q">Judocu</subfield></datafield><datafield ind1=" " ind2=" " tag="020"><subfield code="a">9783727289927</subfield><subfield code="q">Print</subfield><subfield code="c">CHF 48.00</subfield></datafield><datafield ind1=" " ind2=" " tag="035"><subfield code="a">(swissbib)236806238-41slsp_network</subfield></datafield><datafield ind1=" " ind2=" " tag="035"><subfield code="a">236806238</subfield><subfield code="9">ExL</subfield></datafield><datafield ind1=" " ind2=" " tag="035"><subfield code="a">(IDSSG)000912115HSB01</subfield></datafield><datafield ind1=" " ind2=" " tag="035"><subfield code="a">(IDSBB)006668470DSV01</subfield></datafield><datafield ind1=" " ind2=" " tag="035"><subfield code="a">(NEBIS)010817918EBI01</subfield></datafield><datafield ind1=" " ind2=" " tag="035"><subfield code="a">(IDSLU)001274501ILU01</subfield></datafield><datafield ind1=" " ind2=" " tag="035"><subfield code="a">(RERO)R008566619-41slsp</subfield></datafield><datafield ind1=" " ind2=" " tag="035"><subfield code="a">(SBT)000852028SBT01</subfield></datafield><datafield ind1=" " ind2=" " tag="035"><subfield code="a">(ALEX)bv9925896204401791</subfield></datafield><datafield ind1=" " ind2=" " tag="035"><subfield code="a">(EXLNZ-41SLSP_NETWORK)991069964959705501</subfield></datafield><datafield ind1=" " ind2=" " tag="040"><subfield code="a">SzZuIDS NEBIS UNI-RWI</subfield><subfield code="b">ger</subfield><subfield code="e">rda</subfield><subfield code="d">CH-ZuSLS</subfield></datafield><datafield ind1=" " ind2=" " tag="044"><subfield code="a">sz</subfield><subfield code="c">ch-be</subfield></datafield><datafield ind1=" " ind2="7" tag="072"><subfield code="a">rw</subfield><subfield code="2">SzZuIDS BS/BE</subfield></datafield><datafield ind1=" " ind2="7" tag="072"><subfield code="a">mm</subfield><subfield code="2">SzZuIDS BS/BE</subfield></datafield><datafield ind1=" " ind2="7" tag="072"><subfield code="a">807</subfield><subfield code="2">IDS LU</subfield></datafield><datafield ind1=" " ind2="7" tag="072"><subfield code="a">841</subfield><subfield code="2">IDS LU</subfield></datafield><datafield ind1=" " ind2="7" tag="072"><subfield code="a">dr</subfield><subfield code="2">rero</subfield></datafield><datafield ind1="0" ind2="4" tag="082"><subfield code="a">340</subfield><subfield code="2">23</subfield></datafield><datafield ind1="0" ind2="4" tag="082"><subfield code="a">342.0858</subfield><subfield code="2">22/ger</subfield></datafield><datafield ind1="1" ind2="4" tag="082"><subfield code="a">340</subfield><subfield code="2">15</subfield></datafield><datafield ind1="1" ind2="4" tag="082"><subfield code="a">302.2</subfield><subfield code="2">15</subfield></datafield><datafield ind1=" " ind2=" " tag="084"><subfield code="a">PC 4630</subfield><subfield code="2">rvk</subfield></datafield><datafield ind1=" " ind2=" " tag="084"><subfield code="a">PZ 4100</subfield><subfield code="2">rvk</subfield></datafield><datafield ind1=" " ind2=" " tag="084"><subfield code="a">340</subfield><subfield code="2">sdnb</subfield></datafield><datafield ind1=" " ind2=" " tag="084"><subfield code="a">SR 850</subfield><subfield code="2">rvk</subfield></datafield><datafield ind1=" " ind2=" " tag="084"><subfield code="a">CA/CH 65.1 g</subfield><subfield code="2">cjurrom</subfield></datafield><datafield ind1=" " ind2=" " tag="084"><subfield code="a">A 65.1 g</subfield><subfield code="2">cjurrom</subfield></datafield><datafield ind1=" " ind2=" " tag="084"><subfield code="a">A 15.1 g USTE</subfield><subfield code="2">cjurrom</subfield></datafield><datafield ind1="0" ind2="0" tag="245"><subfield code="a">Big Data: Ende des Datenschutzes?</subfield><subfield code="b">Gedächtnisschrift für Martin Usteri</subfield><subfield code="c">herausgegeben von Volker Boehme-Nessler, Manfred Rehbinder</subfield></datafield><datafield ind1=" " ind2="1" tag="264"><subfield code="a">Bern</subfield><subfield code="b">Stämpfli Verlag</subfield><subfield code="c">[2017]</subfield></datafield><datafield ind1=" " ind2=" " tag="300"><subfield code="a">138 Seiten</subfield></datafield><datafield ind1=" " ind2=" " tag="336"><subfield code="b">txt</subfield><subfield code="2">rdacontent</subfield></datafield><datafield ind1=" " ind2=" " tag="337"><subfield code="b">n</subfield><subfield code="2">rdamedia</subfield></datafield><datafield ind1=" " ind2=" " tag="338"><subfield code="b">nc</subfield><subfield code="2">rdacarrier</subfield></datafield><datafield ind1="1" ind2=" " tag="490"><subfield code="a">Schriften zur Rechtspsychologie</subfield><subfield code="v">Band 15</subfield></datafield><datafield ind1=" " ind2=" " tag="500"><subfield code="a">Der Band dokumentiert einige der Beiträge einer Tagung, die das Europäische Institut für Rechtspsychologie (EIRP) im Januar 2016 in Zürich veranstaltet hat</subfield></datafield><datafield ind1=" " ind2=" " tag="520"><subfield code="a">Big Data revolutionieren die Welt. Jede Aktion in der digitalen Welt produziert digitale Daten. Die Konsequenz: Eine unvorstellbare Menge an digitalen Daten existiert bereits – und sie wird immer größer. Wie lassen sich aus diesen wertlosen Daten wertvolle Informationen und intelligente Erkenntnisse generieren? Mit Hilfe der Mathematik und ausgeklügelter Algorithmen gelingt das immer besser. Aus Big Data werden Smart Data. Technologischer Fortschritt ist nicht ohne Risiko zu haben. Schon wird verkündet, das Zeitalter der Privatsphäre sei vorbei und Datenschutz sei ein Konzept von gestern. Aber ist das akzeptabel? Brauchen wir nicht Datenschutz und Privatsphäre – aus verfassungsrechtlichen und psychologischen Gründen? Wie lassen sich die Vorteile von Big Data nutzen – und ihre Risiken begrenzen? Wie könnte ein Datenschutzkonzept des digitalen Zeitalters aussehen? Um diese Fragen an der Schnittstelle von Recht und Psychologie geht es in diesem Band.</subfield><subfield code="5">SBT/15.03.2017/BUL/IP</subfield></datafield><datafield ind1="1" ind2="7" tag="600"><subfield code="a">Usteri, Martin</subfield><subfield code="d">1926-2015</subfield><subfield code="0">(DE-588)108932494</subfield><subfield code="2">gnd</subfield></datafield><datafield ind1=" " ind2="7" tag="650"><subfield code="a">Datenanalyse</subfield><subfield code="0">(DE-588)4123037-1</subfield><subfield code="2">gnd</subfield></datafield><datafield ind1=" " ind2="7" tag="650"><subfield code="a">Personenbezogene Daten</subfield><subfield code="0">(DE-588)4173908-5</subfield><subfield code="2">gnd</subfield></datafield><datafield ind1=" " ind2="7" tag="650"><subfield code="a">Privatheit</subfield><subfield code="0">(DE-588)4195103-7</subfield><subfield code="2">gnd</subfield></datafield><datafield ind1=" " ind2="7" tag="650"><subfield code="a">Datenschutz</subfield><subfield code="0">(DE-588)4011134-9</subfield><subfield code="2">gnd</subfield></datafield><datafield ind1=" " ind2="7" tag="650"><subfield code="a">Big Data</subfield><subfield code="0">(DE-588)4802620-7</subfield><subfield code="2">gnd</subfield></datafield><datafield ind1=" " ind2="7" tag="650"><subfield code="a">Datenbank</subfield><subfield code="9">ger</subfield><subfield code="0">(RERO)jurivoc000005306ger</subfield><subfield code="2">jurivoc</subfield></datafield><datafield ind1=" " ind2="7" tag="650"><subfield code="a">Menge</subfield><subfield code="9">ger</subfield><subfield code="0">(RERO)jurivoc000014909ger</subfield><subfield code="2">jurivoc</subfield></datafield><datafield ind1=" " ind2="7" tag="650"><subfield code="a">Datenschutz</subfield><subfield code="9">ger</subfield><subfield code="0">(RERO)jurivoc000005314ger</subfield><subfield code="2">jurivoc</subfield></datafield><datafield ind1=" " ind2="7" tag="650"><subfield code="a">Rechtspsychologie</subfield><subfield code="9">ger</subfield><subfield code="0">(RERO)jurivoc000018440ger</subfield><subfield code="2">jurivoc</subfield></datafield><datafield ind1=" " ind2="7" tag="650"><subfield code="a">Données massives</subfield><subfield code="0">(IDREF)167193686</subfield><subfield code="2">idref</subfield></datafield><datafield ind1=" " ind2="7" tag="650"><subfield code="a">Protection de l'information (informatique)</subfield><subfield code="0">(IDREF)02801877X</subfield><subfield code="2">idref</subfield></datafield><datafield ind1=" " ind2="7" tag="650"><subfield code="a">Droits de la personnalité</subfield><subfield code="0">(IDREF)027741745</subfield><subfield code="2">idref</subfield></datafield><datafield ind1=" " ind2="7" tag="650"><subfield code="a">Droit comparé</subfield><subfield code="0">(IDREF)027741451</subfield><subfield code="2">idref</subfield></datafield><datafield ind1=" " ind2="7" tag="651"><subfield code="a">Schweiz</subfield><subfield code="9">ger</subfield><subfield code="0">(RERO)jurivoc000019912ger</subfield><subfield code="2">jurivoc</subfield></datafield><datafield ind1=" " ind2="7" tag="655"><subfield code="a">Festschrift</subfield><subfield code="2">gnd-content</subfield></datafield><datafield ind1=" " ind2="7" tag="655"><subfield code="a">Konferenzschrift</subfield><subfield code="z">Zürich</subfield><subfield code="y">2016</subfield><subfield code="2">gnd-content</subfield></datafield><datafield ind1=" " ind2="7" tag="655"><subfield code="a">Festschrift</subfield><subfield code="9">ger</subfield><subfield code="2">jurivoc</subfield><subfield code="0">(RERO)jurivoc000008252ger</subfield></datafield><datafield ind1=" " ind2="7" tag="655"><subfield code="a">Actes de congrès</subfield><subfield code="0">(IDREF)02886431X</subfield><subfield code="2">idref</subfield></datafield><datafield ind1=" " ind2=" " tag="690"><subfield code="a">Datenschutz; Algorithmus; Normung; Skizze; Rechtswissenschaft; Schrift; Sphäre; Regulierung; Schutz; Psychologie; Forschung; Textilberuf; Technologie; Einleitung; Feld; Zeitalter</subfield><subfield code="2">idssg-J</subfield></datafield><datafield ind1=" " ind2=" " tag="690"><subfield code="a">Datenschutzstandard; Problemskizze; Gedächtnisschrift; Privatsphäre; Datenschutzrechtswissenschaft; Internetzeitalter; Spannungsfeld; Datenschützer</subfield><subfield code="2">idssg-J</subfield></datafield><datafield ind1=" " ind2=" " tag="690"><subfield code="a">sachgerechter Datenschutzstandard</subfield><subfield code="2">idssg-J</subfield></datafield><datafield ind1=" " ind2=" " tag="690"><subfield code="a">Deutschland C4EUGE</subfield><subfield code="2">idssg-J</subfield></datafield><datafield ind1=" " ind2=" " tag="690"><subfield code="a">Florent Thouvenin; Hanspeter Thür; Manfred Rehbinder Big Data; Martin Usteri Big Data; Raimund Jakob Forschung; Rehbinder Big Data; Rolf Weber; Stämpfli Einleitung Big Data; Thomas Hoeren; Usteri Big Data; Volker Boehme Nessler Manfred Rehbinder</subfield><subfield code="2">idssg-J</subfield></datafield><datafield ind1=" " ind2=" " tag="691"><subfield code="e">PC 65.1 CH</subfield><subfield code="2">rzs-L1</subfield></datafield><datafield ind1=" " ind2=" " tag="691"><subfield code="e">PC 15.1</subfield><subfield code="2">rzs-L1</subfield></datafield><datafield ind1=" " ind2=" " tag="691"><subfield code="e">323.448</subfield><subfield code="a">Diritti civili. Diritto al rispetto della vita privata</subfield><subfield code="2">usi-TE</subfield></datafield><datafield ind1="1" ind2=" " tag="700"><subfield code="a">Boehme-Nessler, Volker</subfield><subfield code="c">juriste</subfield><subfield code="0">(IDREF)064811158</subfield></datafield><datafield ind1="1" ind2=" " tag="700"><subfield code="a">Boehme-Nessler, Volker</subfield></datafield><datafield ind1="1" ind2=" " tag="700"><subfield code="a">Rehbinder, Manfred</subfield><subfield code="d">1935-</subfield><subfield code="0">(DE-588)119243970</subfield><subfield code="4">edt</subfield></datafield><datafield ind1="1" ind2=" " tag="700"><subfield code="a">Boehme-Neßler, Volker</subfield><subfield code="d">1962-</subfield><subfield code="0">(DE-588)123273897</subfield><subfield code="4">edt</subfield></datafield><datafield ind1="1" ind2=" " tag="700"><subfield code="6">880-04</subfield><subfield code="a">Usteri, Martin</subfield><subfield code="d">1926-2015</subfield><subfield code="0">(DE-588)108932494</subfield><subfield code="4">hnr</subfield></datafield><datafield ind1="1" ind2=" " tag="880"><subfield code="6">700-04</subfield><subfield code="a">Usteri, Martin</subfield><subfield code="d">1926-2015</subfield><subfield code="0">(RERO)A000168950</subfield></datafield><datafield ind1="2" ind2=" " tag="710"><subfield code="a">Europäisches Institut für Rechtspsychologie (Zürich)</subfield><subfield code="b">Tagung</subfield><subfield code="d">2016</subfield><subfield code="c">Zürich</subfield><subfield code="0">(RERO)A026792965</subfield></datafield><datafield ind1="2" ind2=" " tag="710"><subfield code="a">Europäisches Institut für Rechtspsychologie</subfield><subfield code="6">880-05</subfield><subfield code="0">(DE-588)106460417X</subfield><subfield code="4">orm</subfield></datafield><datafield ind1="2" ind2=" " tag="880"><subfield code="6">710-05</subfield><subfield code="a">Europäisches Institut für Rechtspsychologie</subfield><subfield code="0">(DE-588)106460417x</subfield><subfield code="4">orm</subfield></datafield><datafield ind1=" " ind2="0" tag="830"><subfield code="a">Schriften zur Rechtspsychologie</subfield><subfield code="v">15</subfield><subfield code="w">(IDSSG)000082723HSB01</subfield></datafield><datafield ind1=" " ind2="0" tag="830"><subfield code="a">Schriften zur Rechtspsychologie</subfield><subfield code="v">15</subfield><subfield code="w">(RERO)2015848-41slsp</subfield></datafield><datafield ind1=" " ind2="0" tag="830"><subfield code="a">Schriften zur Rechtspsychologie</subfield><subfield code="v">15</subfield><subfield code="w">(ALEX)bv9925902505801791</subfield></datafield><datafield ind1="4" ind2=" " tag="856"><subfield code="u">https://tools.unisg.ch/url/hm00612116</subfield><subfield code="z">Inhaltsverzeichnis</subfield></datafield><datafield ind1=" " ind2=" " tag="900"><subfield code="a">Stoppsignal FRED</subfield></datafield><datafield ind1=" " ind2=" " tag="900"><subfield code="a">IDSZ1ZH</subfield></datafield><datafield ind1=" " ind2=" " tag="900"><subfield code="a">IDSZ2rwimon201701e</subfield><subfield code="c">IDSZ2paru</subfield><subfield code="d">IDSZ2rwiswk201701b</subfield><subfield code="e">IDSZ2sust</subfield></datafield><datafield ind1=" " ind2=" " tag="900"><subfield code="a">IDSZ2zbzmon201705l</subfield><subfield code="c">IDSZ2lire</subfield><subfield code="d">IDSZ2zbzswk201705g</subfield><subfield code="e">IDSZ2bruu</subfield></datafield><datafield ind1=" " ind2=" " tag="900"><subfield code="a">IDSE5E51ANH-2017</subfield></datafield><datafield ind1=" " ind2=" " tag="949"><subfield code="a">https://tools.unisg.ch/url/hm00612116</subfield></datafield></record>
</metadata></record>