<record><header><identifier>oai:alma.41SLSP_UGE:991000796859705502</identifier><datestamp>2024-04-11T00:15:54Z</datestamp><setSpec>uge_bcen_RapidILL_BOOK</setSpec><setSpec>uge_aaca_RapidILL_BOOK</setSpec><setSpec>uge_abels_RapidILL_BOOK</setSpec><setSpec>uge_dbu_RapidILL_BOOK</setSpec><setSpec>uge_cmu_RapidILL_BOOK</setSpec><setSpec>uge_mail_RapidILL_BOOK</setSpec><setSpec>uge_abbat_RapidILL_BOOK</setSpec><setSpec>UNIGE_ALL</setSpec><setSpec>uge_acar_RapidILL_BOOK</setSpec><setSpec>uge_aobs_RapidILL_BOOK</setSpec></header><metadata>
<record xmlns="http://www.loc.gov/MARC21/slim" xmlns:xsi="http://www.w3.org/2001/XMLSchema-instance" xsi:schemaLocation="http://www.loc.gov/MARC21/slim http://www.loc.gov/standards/marcxml/schema/MARC21slim.xsd"><leader>07143nam a2200757 c 4500</leader><controlfield tag="001">991000796859705502</controlfield><controlfield tag="005">20240410140927.0</controlfield><controlfield tag="008">201011s2012    xxk           00| | eng d</controlfield><datafield ind1=" " ind2=" " tag="015"><subfield code="a">GBB1D1133</subfield><subfield code="2">bnb</subfield></datafield><datafield ind1=" " ind2=" " tag="020"><subfield code="a">0199239797</subfield><subfield code="q">hbk.</subfield><subfield code="c">£70.00</subfield></datafield><datafield ind1=" " ind2=" " tag="020"><subfield code="a">9780199239795</subfield><subfield code="q">hbk</subfield><subfield code="c">GBP 70.00</subfield></datafield><datafield ind1=" " ind2=" " tag="035"><subfield code="a">(swissbib)219886687-41slsp_network</subfield></datafield><datafield ind1=" " ind2=" " tag="035"><subfield code="a">219886687</subfield><subfield code="9">ExL</subfield></datafield><datafield ind1=" " ind2=" " tag="035"><subfield code="a">(IDSSG)000715858HSB01</subfield></datafield><datafield ind1=" " ind2=" " tag="035"><subfield code="a">(IDSBB)005696295DSV01</subfield></datafield><datafield ind1=" " ind2=" " tag="035"><subfield code="a">(RERO)R006315678-41slsp</subfield></datafield><datafield ind1=" " ind2=" " tag="035"><subfield code="a">(IDSLU)001015091ILU01</subfield></datafield><datafield ind1=" " ind2=" " tag="035"><subfield code="a">(NEBIS)006824549EBI01</subfield></datafield><datafield ind1=" " ind2=" " tag="035"><subfield code="a">(EXLNZ-41SLSP_NETWORK)991015012179705501</subfield></datafield><datafield ind1=" " ind2=" " tag="040"><subfield code="a">StDuBDS</subfield><subfield code="b">ger</subfield><subfield code="e">rda</subfield><subfield code="d">CH-ZuSLS</subfield></datafield><datafield ind1=" " ind2="7" tag="072"><subfield code="a">rw</subfield><subfield code="2">SzZuIDS BS/BE</subfield></datafield><datafield ind1=" " ind2="7" tag="072"><subfield code="a">dr</subfield><subfield code="2">rero</subfield></datafield><datafield ind1=" " ind2="7" tag="072"><subfield code="a">811</subfield><subfield code="2">IDS LU</subfield></datafield><datafield ind1="0" ind2="4" tag="082"><subfield code="a">341.68</subfield><subfield code="2">23</subfield></datafield><datafield ind1="1" ind2="4" tag="082"><subfield code="a">341.68</subfield><subfield code="2">21</subfield></datafield><datafield ind1="1" ind2="4" tag="082"><subfield code="a">340</subfield><subfield code="2">15</subfield></datafield><datafield ind1=" " ind2=" " tag="084"><subfield code="a">PR 2180</subfield><subfield code="2">rvk</subfield></datafield><datafield ind1=" " ind2=" " tag="084"><subfield code="a">PR 2622</subfield><subfield code="2">rvk</subfield></datafield><datafield ind1=" " ind2=" " tag="084"><subfield code="a">D 43.1 h</subfield><subfield code="2">cjurrom</subfield></datafield><datafield ind1=" " ind2=" " tag="084"><subfield code="a">D 19 h</subfield><subfield code="2">cjurrom</subfield></datafield><datafield ind1=" " ind2=" " tag="084"><subfield code="a">D 43 h</subfield><subfield code="2">cjurrom</subfield></datafield><datafield ind1="1" ind2=" " tag="100"><subfield code="a">Sivakumaran, Sandesh</subfield><subfield code="d">ca. 20./21. Jh.</subfield><subfield code="0">(DE-588)1025394925</subfield><subfield code="e">Verfasser</subfield><subfield code="4">aut</subfield><subfield code="6">880-01</subfield></datafield><datafield ind1="1" ind2=" " tag="880"><subfield code="6">100-01</subfield><subfield code="a">Sivakumaran, Sandesh</subfield><subfield code="0">(IDREF)147781175</subfield><subfield code="4">cre</subfield></datafield><datafield ind1="1" ind2="0" tag="245"><subfield code="a">&lt;&lt;The&gt;&gt; law of non-international armed conflict</subfield><subfield code="c">Sandesh Sivakumaran</subfield></datafield><datafield ind1=" " ind2="1" tag="264"><subfield code="a">Oxford</subfield><subfield code="b">Oxford University Press</subfield><subfield code="c">2012</subfield></datafield><datafield ind1=" " ind2=" " tag="300"><subfield code="a">657 S.</subfield><subfield code="c">24 cm</subfield></datafield><datafield ind1=" " ind2=" " tag="336"><subfield code="b">txt</subfield><subfield code="2">rdacontent</subfield></datafield><datafield ind1=" " ind2=" " tag="337"><subfield code="b">n</subfield><subfield code="2">rdamedia</subfield></datafield><datafield ind1=" " ind2=" " tag="338"><subfield code="b">nc</subfield><subfield code="2">rdacarrier</subfield></datafield><datafield ind1=" " ind2=" " tag="504"><subfield code="a">Bibliogr.</subfield></datafield><datafield ind1=" " ind2="7" tag="650"><subfield code="a">Menschenrecht</subfield><subfield code="0">(DE-588)4074725-6</subfield><subfield code="2">gnd</subfield></datafield><datafield ind1=" " ind2="7" tag="650"><subfield code="a">Völkerstrafrecht</subfield><subfield code="0">(DE-588)4188481-4</subfield><subfield code="2">gnd</subfield></datafield><datafield ind1=" " ind2="7" tag="650"><subfield code="a">Politischer Konflikt</subfield><subfield code="0">(DE-588)4115589-0</subfield><subfield code="2">gnd</subfield></datafield><datafield ind1=" " ind2="7" tag="650"><subfield code="a">Droit humanitaire</subfield><subfield code="0">(IDREF)029996511</subfield><subfield code="2">idref</subfield></datafield><datafield ind1=" " ind2="7" tag="650"><subfield code="a">Droit international</subfield><subfield code="0">(IDREF)050627597</subfield><subfield code="2">idref</subfield></datafield><datafield ind1=" " ind2="7" tag="650"><subfield code="a">Guérilla</subfield><subfield code="0">(IDREF)050124498</subfield><subfield code="2">idref</subfield></datafield><datafield ind1=" " ind2="7" tag="650"><subfield code="a">Guerre civile</subfield><subfield code="0">(IDREF)027518213</subfield><subfield code="2">idref</subfield></datafield><datafield ind1=" " ind2="7" tag="650"><subfield code="a">Guerre</subfield><subfield code="x">Protection des civils</subfield><subfield code="0">(IDREF)027886107</subfield><subfield code="2">idref</subfield></datafield><datafield ind1=" " ind2="7" tag="650"><subfield code="a">Combattants et non-combattants (droit international)</subfield><subfield code="0">(IDREF)032656777</subfield><subfield code="2">idref</subfield></datafield><datafield ind1=" " ind2="0" tag="650"><subfield code="a">Civil war</subfield></datafield><datafield ind1=" " ind2="0" tag="650"><subfield code="a">War (International law)</subfield></datafield><datafield ind1=" " ind2="7" tag="650"><subfield code="a">Bürgerkrieg</subfield><subfield code="0">(DE-588)4008784-0</subfield><subfield code="2">gnd</subfield></datafield><datafield ind1=" " ind2="7" tag="650"><subfield code="a">Humanitäres Völkerrecht</subfield><subfield code="0">(DE-588)4160781-8</subfield><subfield code="2">gnd</subfield></datafield><datafield ind1=" " ind2="7" tag="650"><subfield code="a">Bewaffneter Konflikt</subfield><subfield code="0">(DE-588)4137568-3</subfield><subfield code="2">gnd</subfield></datafield><datafield ind1=" " ind2=" " tag="690"><subfield code="a">Sanktion; Befreiungskrieg; Gesetzgebung; Kriegsverbrechen; Kriegsgefangener; Folter; Strafverfahren; Gerichtsstand; Intervention; Abkommen; Vorschrift; Naturschutzgebiet; Gewohnheitsrecht; Verbot; Regel; Garantie; Zivilprozessrecht; Grundprinzip; Normung; Rechtsnorm; Vorsichtsmaßnahme; internationale Konferenz; Laserwaffe; Kontrolle; Regulierung; Behandlung; Nichtregierungsorganisation; Kind; Diskriminierung; Protokoll; Befehl; Kampf; Ausschreitungen; Entwicklung; Generalversammlung; Reaktion; Störung; innere Spannung</subfield><subfield code="2">idssg-J</subfield></datafield><datafield ind1=" " ind2=" " tag="690"><subfield code="a">Menschenrechtsnorm; Menschenrechtsstandard; Völkergewohnheitsrecht; Faktenermittlung; Nichtdiskriminierung; Pressemitteilung; Zwangsübertragung; Durchsetzungsfunktion; Nichtdurchsetzung; Verfahrensgarantie; Verhaltenskodex; Brandwaffe; Kriegsmunitionsrückstand; Literaturverzeichnis; Menschenrechtsmechanismus; Nichtrequisit; Ratsarbeitsgruppe; Sicherungshaft; Zivilbevölkerung; Zusatzprotokoll; Anwendungsbereich; Binnenvertriebener; Engaging; Kindersoldat; Kollektivstrafe; Mitteilunge; Regierungsbehörde; Repressalien; Schutzmacht; Schutzniveau; Sklavenhandel; Sonderbeauftragter; Sondergericht; Sprengfalle; Strafgerichtshof; Streumunition; Stromerzeugungsanlage; Teilnahme; Todesstrafe; Zeitraum</subfield><subfield code="2">idssg-J</subfield></datafield><datafield ind1=" " ind2=" " tag="690"><subfield code="a">abgestimmte Operation; anderer Repressalien; freiwilliger Schutzschild; gebräuchliches Völkerrecht; grausame Behandlung; international Ermittlungs; internationaler Konflikt; konventionelles Völkerrecht; medizinisches Personal; unfreiwilliger Schutzschild; verbotene Repressalie; weiteres Material; wenige Quelle; 1990er Jahr; allgemeine Erklärung; allgemeine Regel; ander Adhoc; ander Fact; andere Vereinbarung; angeblicher Beitritt; aussergerichtliche Durchsetzung; bakteriologische Waffe; besondere Regel; besonderer Schutz; bestelltes Gericht; bestimmte Regel; bestimmter Schutz; bewaffneter Konflikt; bilaterales Abkommen; chemische Waffe; dauerhafte Erblindung; dazugehöriges Personal; diplomatische Konferenz; direkte Regulierung; direkte Teilnahme; ehemaliges Jugoslawien; einseitige Erklärung; elektrische Stromerzeugungsanlage; entsprechendes Alter; erschöpfende Liste; explosiver Kriegsmunitionsrückstand; explosive Kugel; fehlende Definition; feindliches Emblem; feindliche Uniform; fortgesetzte Nutzung; gebräuchliche Regel; genfer Abkommen; geografischer Anwendungsbereich; gerichtliche Durchsetzung; geändert Mines; großes Engagement; herkömmliches Gesetz; historische Verordnung; humane Behandlung; humanitär Ermittlungs; humanitärer Ansatz; humanitäre Hilfe; humanitäres Menschenrecht; humanitäres Völkerrecht; innere Störung; innerparteilicher Schutz; interner Mechanismus; interne Vorschrift; internationales Komitee; internationales Menschenrecht; internationale Menschenrechtsnorm; internationaler Strafgerichtshof; internationales Strafrecht; interpretatorisches Werkzeug; interpretierend Guidance; konkreter Vorschlag; kriegerische Repressalie; kriegerischer Repressalien; materielle Norm; medizinisches Gerät; medizinischer Transport; menschlicher Schutzschild; militärischer Flügel; militärische Operation; mutwillige Zerstörung; mögliche Bedeutung; nachweisbares Fragment; na</subfield><subfield code="2">idssg-J</subfield></datafield><datafield ind1=" " ind2=" " tag="690"><subfield code="a">tionale Befreiungsbewegung; nationaler Befreiungskrieg; nationales Gericht; nationale Gesetzgebung; nationale Rechtsvorschrift; natürliche Umgebung; normativer Status; persönlicher Geltungsbereich; persönliche Würde; religiöses Personal; rotes Kreuz; römisches Statut; sexuelle Gewalt; spezifisches Verbot; staatlicher Eingriff; staatliche Kontrolle; staatliche Maßnahme; staatliche Streitkraft; systematische Verordnung; territoriale Kontrolle; traditionelle Quelle; undifferenzierter Angriff; unmenschliche Behandlung; unnötiges Leiden; unsachgemäßer Gebrauch; verantwortliche Führung; vereinte Nation; vermisste Person; verwundeter Kranker; wichtiges Material; zeitlicher Anwendungsbereich; ziviles Objekt; zweites Protokoll; überflüssige Verletzung</subfield><subfield code="2">idssg-J</subfield></datafield><datafield ind1=" " ind2=" " tag="690"><subfield code="a">Vereinte Nationen C00WOR; Jugoslawien C1990; Sierra Leone C6SIER; Ruanda C6RWAN; Niederlande C4EUNE; Kanada C1CANA</subfield><subfield code="2">idssg-J</subfield></datafield><datafield ind1=" " ind2=" " tag="690"><subfield code="a">ander Fact FindingInitiativen; bewaffnet Konflikt SANDESH Sivakumaran OXPORD UNIVERSITY; Deed of Commitment; Detailed Zweites Protokoll; Fall xix Table of Instruments; humanitär Hilfe Missionen; Kriegsverbrechenhumanitären Völkerrechts Nexus; SANDESH Sivakumaran OXPORD UNIVERSITY; Xix Table of</subfield><subfield code="2">idssg-J</subfield></datafield><datafield ind1=" " ind2=" " tag="691"><subfield code="e">PD 43</subfield><subfield code="2">rzs-L1</subfield></datafield><datafield ind1="4" ind2=" " tag="856"><subfield code="3">Titelblatt und Inhaltsverzeichnis</subfield><subfield code="u">https://toc.library.ethz.ch/objects/pdf/z01_978-0-19-923979-5_01.pdf</subfield><subfield code="q">pdf</subfield></datafield><datafield ind1=" " ind2=" " tag="900"><subfield code="a">REROnoselfmerge</subfield></datafield><datafield ind1=" " ind2=" " tag="900"><subfield code="a">IDSE5E51ANH-2013</subfield></datafield><datafield ind1=" " ind2=" " tag="900"><subfield code="a">IDSZ2zbzmon201208f</subfield><subfield code="c">IDSZ2lire</subfield><subfield code="d">IDSZ2zbzswk201208b</subfield><subfield code="e">IDSZ2bruu</subfield></datafield><datafield ind1=" " ind2=" " tag="911"><subfield code="a">Sivakumaran, Sandesh S</subfield></datafield><datafield ind1=" " ind2=" " tag="949"><subfield code="a">https://toc.library.ethz.ch/objects/pdf/z01_978-0-19-923979-5_01.pdf</subfield></datafield></record>
</metadata></record>