<record><header><identifier>oai:alma.41SLSP_UGE:991000796239705502</identifier><datestamp>2023-06-26T00:14:20Z</datestamp><setSpec>UNIGE_ALL</setSpec></header><metadata>
<record xmlns="http://www.loc.gov/MARC21/slim" xmlns:xsi="http://www.w3.org/2001/XMLSchema-instance" xsi:schemaLocation="http://www.loc.gov/MARC21/slim http://www.loc.gov/standards/marcxml/schema/MARC21slim.xsd"><leader>02051ngm a2200385 c 4500</leader><controlfield tag="001">991000796239705502</controlfield><controlfield tag="005">20230625172914.0</controlfield><controlfield tag="007">vd |v||||</controlfield><controlfield tag="008">080722s2008    fr ||| |          v|eng d</controlfield><datafield ind1="4" ind2="2" tag="028"><subfield code="a">714394</subfield></datafield><datafield ind1=" " ind2=" " tag="035"><subfield code="a">(swissbib)106978632-41slsp_network</subfield></datafield><datafield ind1=" " ind2=" " tag="035"><subfield code="a">106978632</subfield><subfield code="9">ExL</subfield></datafield><datafield ind1=" " ind2=" " tag="035"><subfield code="a">(RERO)R004743007-41slsp</subfield></datafield><datafield ind1=" " ind2=" " tag="035"><subfield code="a">(EXLNZ-41SLSP_NETWORK)991075970549705501</subfield></datafield><datafield ind1=" " ind2=" " tag="040"><subfield code="a">RERO nebpup</subfield><subfield code="d">CH-ZuSLS</subfield></datafield><datafield ind1="1" ind2=" " tag="041"><subfield code="a">eng</subfield><subfield code="a">fre</subfield><subfield code="h">eng</subfield></datafield><datafield ind1=" " ind2="7" tag="072"><subfield code="a">ba</subfield><subfield code="2">rero</subfield></datafield><datafield ind1="0" ind2="0" tag="245"><subfield code="a">Cul-de-sac</subfield><subfield code="c">un film de Roman Polanski ; scénario Gérard Brach, Roman Polanski ; musique de Christopher Komeda ; prod. par Gene Gutowski, Michael Klinger, Tony Tenser</subfield></datafield><datafield ind1=" " ind2="1" tag="264"><subfield code="a">[Paris]</subfield><subfield code="b">Opening</subfield><subfield code="c">[2008]</subfield></datafield><datafield ind1=" " ind2=" " tag="300"><subfield code="a">1 DVD vidéo (108 min)</subfield><subfield code="b">noir et blanc</subfield></datafield><datafield ind1=" " ind2=" " tag="336"><subfield code="b">tdi</subfield><subfield code="2">rdacontent</subfield></datafield><datafield ind1=" " ind2=" " tag="337"><subfield code="b">v</subfield><subfield code="2">rdamedia</subfield></datafield><datafield ind1=" " ind2=" " tag="338"><subfield code="b">vd</subfield><subfield code="2">rdacarrier</subfield></datafield><datafield ind1=" " ind2=" " tag="500"><subfield code="a">Fait partie d'un coffret 3 titres: Répulsion ; Cul-de-sac ; Le couteau dans l'eau</subfield></datafield><datafield ind1=" " ind2=" " tag="500"><subfield code="a">Une prod.: Compton Films - Tekli British Productions, 1966</subfield></datafield><datafield ind1=" " ind2=" " tag="500"><subfield code="a">Choix de langues: Anglais, français. Sous-titres: Français</subfield></datafield><datafield ind1="0" ind2=" " tag="505"><subfield code="a">&quot;Deux gangsters et une île&quot; documentaire (24') ; Galerie de photos ; Film annonce</subfield></datafield><datafield ind1=" " ind2=" " tag="508"><subfield code="a">Dir. de la photogr. Gilbert Taylor , montage Alastair McIntyre ; dir. artistique George Lack</subfield></datafield><datafield ind1="0" ind2=" " tag="511"><subfield code="a">Donald Pleasence ; Françoise Dorléac ; Lionel Stander ; Jack MacGowran ; Iain Quarrier ; Geoffrey Summer ; Renée Houston ; Robert Dorning ; Marie Kean ... et al.</subfield></datafield><datafield ind1="8" ind2=" " tag="520"><subfield code="a">Comédie dramatique</subfield><subfield code="5">RERO/necfbv/09.2014</subfield></datafield><datafield ind1="8" ind2=" " tag="520"><subfield code="a">&quot;Blessés suite à un casse qui a mal tourné, deux gangsters pas très doués tombent en panne de voiture sur une presqu'ile. Alors que la marée monte, ils trouvent refuge dans la seule propriété du coin, un château habité par un jeune couple.&quot;</subfield><subfield code="5">RERO/geumem/11.2019</subfield></datafield><datafield ind1=" " ind2="7" tag="655"><subfield code="a">DVD</subfield><subfield code="0">(IDREF)035108444</subfield><subfield code="2">idref</subfield></datafield><datafield ind1=" " ind2="7" tag="655"><subfield code="a">Films de fiction</subfield><subfield code="0">(IDREF)14779644X</subfield><subfield code="2">idref</subfield></datafield><datafield ind1="1" ind2=" " tag="700"><subfield code="a">Polanski, Roman</subfield><subfield code="d">1933-....</subfield><subfield code="0">(IDREF)027915654</subfield><subfield code="4">aut</subfield></datafield><datafield ind1="1" ind2=" " tag="700"><subfield code="a">Brach, Gérard</subfield><subfield code="d">1927-2006</subfield><subfield code="0">(IDREF)028735110</subfield><subfield code="4">aut</subfield></datafield><datafield ind1="1" ind2=" " tag="700"><subfield code="a">Komeda, Krzysztof</subfield><subfield code="d">1931-1969</subfield><subfield code="0">(IDREF)052201228</subfield></datafield></record>
</metadata></record>