<record><header><identifier>oai:alma.41SLSP_UGE:991000796549705502</identifier><datestamp>2023-03-01T01:09:48Z</datestamp><setSpec>uge_bcen_RapidILL_BOOK</setSpec><setSpec>uge_aaca_RapidILL_BOOK</setSpec><setSpec>uge_abels_RapidILL_BOOK</setSpec><setSpec>uge_dbu_RapidILL_BOOK</setSpec><setSpec>uge_cmu_RapidILL_BOOK</setSpec><setSpec>uge_mail_RapidILL_BOOK</setSpec><setSpec>UNIGE_ALL</setSpec><setSpec>uge_abbat_RapidILL_BOOK</setSpec><setSpec>uge_aobs_RapidILL_BOOK</setSpec><setSpec>uge_acar_RapidILL_BOOK</setSpec></header><metadata>
<record xmlns="http://www.loc.gov/MARC21/slim" xmlns:xsi="http://www.w3.org/2001/XMLSchema-instance" xsi:schemaLocation="http://www.loc.gov/MARC21/slim http://www.loc.gov/standards/marcxml/schema/MARC21slim.xsd"><leader>01369nam a2200277 c 4500</leader><controlfield tag="001">991000796549705502</controlfield><controlfield tag="005">20230224175641.0</controlfield><controlfield tag="008">920430q19801985be ||||| |||| 00| ||fre d</controlfield><datafield ind1=" " ind2=" " tag="035"><subfield code="a">(swissbib)086515519-41slsp_network</subfield></datafield><datafield ind1=" " ind2=" " tag="035"><subfield code="a">086515519</subfield><subfield code="9">ExL</subfield></datafield><datafield ind1=" " ind2=" " tag="035"><subfield code="a">(RERO)1521566-41slsp</subfield></datafield><datafield ind1=" " ind2=" " tag="035"><subfield code="a">(EXLNZ-41SLSP_NETWORK)991003300069705501</subfield></datafield><datafield ind1=" " ind2=" " tag="040"><subfield code="a">RERO geuarc</subfield><subfield code="d">CH-ZuSLS</subfield></datafield><datafield ind1=" " ind2="7" tag="072"><subfield code="a">ur</subfield><subfield code="2">rero</subfield></datafield><datafield ind1="0" ind2="0" tag="245"><subfield code="a">&lt;&lt;Les&gt;&gt; espaces publics bruxellois</subfield><subfield code="b">analyse et projets</subfield><subfield code="c">[étude réalisée dans le cadre du programme Aménagement-environnement de la Fondation Roi Baudoin par Inter-environnement Bruxelles et les Archives d'architecture moderne] ; [sous la dir. de Maurice Culot et René Schoonbrodt] ; [avec la collab. de l'Atelier de recherche et d'action urbaines]</subfield></datafield><datafield ind1=" " ind2="1" tag="264"><subfield code="a">[Bruxelles]</subfield><subfield code="b">Fondation Roi Baudouin</subfield><subfield code="c">[ca 1980]</subfield></datafield><datafield ind1=" " ind2=" " tag="300"><subfield code="a">435 p.</subfield><subfield code="b">photogr., fig., plans</subfield><subfield code="c">21 x 30 cm</subfield></datafield><datafield ind1=" " ind2=" " tag="336"><subfield code="b">txt</subfield><subfield code="2">rdacontent</subfield></datafield><datafield ind1=" " ind2=" " tag="337"><subfield code="b">n</subfield><subfield code="2">rdamedia</subfield></datafield><datafield ind1=" " ind2=" " tag="338"><subfield code="b">nc</subfield><subfield code="2">rdacarrier</subfield></datafield><datafield ind1=" " ind2="7" tag="650"><subfield code="a">Espace public (science politique)</subfield><subfield code="0">(IDREF)189728035</subfield><subfield code="2">idref</subfield></datafield><datafield ind1=" " ind2="7" tag="651"><subfield code="a">Bruxelles (Belgique)</subfield><subfield code="0">(IDREF)027250547</subfield><subfield code="2">idref</subfield></datafield><datafield ind1="1" ind2=" " tag="700"><subfield code="a">Culot, Maurice</subfield><subfield code="d">1939-....</subfield><subfield code="0">(IDREF)026807041</subfield></datafield><datafield ind1="2" ind2=" " tag="710"><subfield code="a">Inter-environnement Wallonie (Bruxelles)</subfield><subfield code="0">(RERO)A000088567</subfield></datafield><datafield ind1="2" ind2=" " tag="710"><subfield code="a">Atelier de recherche et d'action urbaines</subfield><subfield code="0">(IDREF)121992829</subfield></datafield><datafield ind1="2" ind2=" " tag="710"><subfield code="a">Archives d'architecture moderne</subfield><subfield code="g">Bruxelles, Belgique</subfield><subfield code="0">(IDREF)026574640</subfield></datafield><datafield ind1=" " ind2=" " tag="900"><subfield code="a">REROnoselfmerge</subfield></datafield></record>
</metadata></record>