<record><header><identifier>oai:alma.41SLSP_UGE:991000796319705502</identifier><datestamp>2023-05-03T00:43:49Z</datestamp><setSpec>uge_bcen_RapidILL_BOOK</setSpec><setSpec>uge_aaca_RapidILL_BOOK</setSpec><setSpec>uge_abels_RapidILL_BOOK</setSpec><setSpec>uge_dbu_RapidILL_BOOK</setSpec><setSpec>uge_cmu_RapidILL_BOOK</setSpec><setSpec>uge_mail_RapidILL_BOOK</setSpec><setSpec>uge_abbat_RapidILL_BOOK</setSpec><setSpec>UNIGE_ALL</setSpec><setSpec>uge_acar_RapidILL_BOOK</setSpec><setSpec>uge_aobs_RapidILL_BOOK</setSpec></header><metadata>
<record xmlns="http://www.loc.gov/MARC21/slim" xmlns:xsi="http://www.w3.org/2001/XMLSchema-instance" xsi:schemaLocation="http://www.loc.gov/MARC21/slim http://www.loc.gov/standards/marcxml/schema/MARC21slim.xsd"><leader>01197nam a2200337 c 4500</leader><controlfield tag="001">991000796319705502</controlfield><controlfield tag="005">20230502200739.0</controlfield><controlfield tag="008">011221s2001    fr ||||| |||| 00| ||fre d</controlfield><datafield ind1=" " ind2=" " tag="020"><subfield code="a">2745305751</subfield></datafield><datafield ind1=" " ind2=" " tag="035"><subfield code="a">(swissbib)097424153-41slsp_network</subfield></datafield><datafield ind1=" " ind2=" " tag="035"><subfield code="a">097424153</subfield><subfield code="9">ExL</subfield></datafield><datafield ind1=" " ind2=" " tag="035"><subfield code="a">(RERO)R003131825-41slsp</subfield></datafield><datafield ind1=" " ind2=" " tag="035"><subfield code="a">(EXLNZ-41SLSP_NETWORK)991019515849705501</subfield></datafield><datafield ind1=" " ind2=" " tag="040"><subfield code="a">RERO vsbcvs</subfield><subfield code="d">CH-ZuSLS</subfield></datafield><datafield ind1=" " ind2=" " tag="044"><subfield code="a">sz</subfield><subfield code="c">ch-ge</subfield></datafield><datafield ind1=" " ind2="7" tag="072"><subfield code="a">fr</subfield><subfield code="2">rero</subfield></datafield><datafield ind1="1" ind2=" " tag="100"><subfield code="a">Catach, Nina</subfield><subfield code="0">(RERO)A003083748</subfield><subfield code="4">cre</subfield></datafield><datafield ind1="1" ind2="0" tag="245"><subfield code="a">Histoire de l'orthographe française</subfield><subfield code="c">Nina Catach</subfield></datafield><datafield ind1=" " ind2=" " tag="250"><subfield code="a">Ed. posthume</subfield><subfield code="b">réalisée par Renée Honvault ; avec la collab. de Irène Rosier-Catach</subfield></datafield><datafield ind1=" " ind2="1" tag="264"><subfield code="a">Paris</subfield><subfield code="b">H. Champion</subfield><subfield code="a">Genève</subfield><subfield code="b">Diff. Slatkine</subfield><subfield code="c">2001</subfield></datafield><datafield ind1=" " ind2=" " tag="300"><subfield code="a">425 p.</subfield><subfield code="c">23 cm</subfield></datafield><datafield ind1=" " ind2=" " tag="336"><subfield code="b">txt</subfield><subfield code="2">rdacontent</subfield></datafield><datafield ind1=" " ind2=" " tag="337"><subfield code="b">n</subfield><subfield code="2">rdamedia</subfield></datafield><datafield ind1=" " ind2=" " tag="338"><subfield code="b">nc</subfield><subfield code="2">rdacarrier</subfield></datafield><datafield ind1="1" ind2=" " tag="490"><subfield code="a">Lexica : mots et dictionnaires</subfield><subfield code="v">9</subfield></datafield><datafield ind1=" " ind2="7" tag="650"><subfield code="a">Français (langue)</subfield><subfield code="0">(IDREF)027276635</subfield><subfield code="2">idref</subfield></datafield><datafield ind1=" " ind2="7" tag="650"><subfield code="a">Orthographe</subfield><subfield code="0">(IDREF)02724413X</subfield><subfield code="2">idref</subfield></datafield><datafield ind1=" " ind2="7" tag="650"><subfield code="a">8e siècle-20e siècle</subfield><subfield code="2">idref</subfield></datafield><datafield ind1="1" ind2=" " tag="700"><subfield code="a">Honvault, Renée</subfield><subfield code="0">(RERO)A003382057</subfield></datafield><datafield ind1="1" ind2=" " tag="700"><subfield code="a">Rosier-Catach, Irène</subfield><subfield code="0">(IDREF)035522682</subfield></datafield><datafield ind1=" " ind2=" " tag="830"><subfield code="a">Lexica</subfield><subfield code="p">H. Champion</subfield><subfield code="v">9</subfield><subfield code="w">(RERO)R221523260-41slsp</subfield></datafield><datafield ind1=" " ind2=" " tag="900"><subfield code="a">REROnoselfmerge</subfield></datafield><datafield ind1=" " ind2=" " tag="993"><subfield code="a">MHR PB 33</subfield><subfield code="x">ge/mhr-/8712</subfield><subfield code="9">LOCAL</subfield></datafield></record>
</metadata></record>