<record><header><identifier>oai:alma.41SLSP_UGE:991000796639705502</identifier><datestamp>2023-03-28T00:12:20Z</datestamp><setSpec>uge_bcen_RapidILL_BOOK</setSpec><setSpec>uge_aaca_RapidILL_BOOK</setSpec><setSpec>uge_abels_RapidILL_BOOK</setSpec><setSpec>uge_dbu_RapidILL_BOOK</setSpec><setSpec>uge_cmu_RapidILL_BOOK</setSpec><setSpec>uge_mail_RapidILL_BOOK</setSpec><setSpec>uge_abbat_RapidILL_BOOK</setSpec><setSpec>UNIGE_ALL</setSpec><setSpec>uge_aobs_RapidILL_BOOK</setSpec><setSpec>uge_acar_RapidILL_BOOK</setSpec></header><metadata>
<record xmlns="http://www.loc.gov/MARC21/slim" xmlns:xsi="http://www.w3.org/2001/XMLSchema-instance" xsi:schemaLocation="http://www.loc.gov/MARC21/slim http://www.loc.gov/standards/marcxml/schema/MARC21slim.xsd"><leader>02163nam a2200469 c 4500</leader><controlfield tag="001">991000796639705502</controlfield><controlfield tag="005">20230327183052.0</controlfield><controlfield tag="008">201011t19991999gw ||||| |||| 10| ||eng d</controlfield><datafield ind1=" " ind2=" " tag="015"><subfield code="a">99,N23,0419</subfield></datafield><datafield ind1=" " ind2=" " tag="020"><subfield code="a">3540661093</subfield></datafield><datafield ind1=" " ind2=" " tag="035"><subfield code="a">(swissbib)217184979-41slsp_network</subfield></datafield><datafield ind1=" " ind2=" " tag="035"><subfield code="a">217184979</subfield><subfield code="9">ExL</subfield></datafield><datafield ind1=" " ind2=" " tag="035"><subfield code="a">(RERO)R253248460-41slsp</subfield></datafield><datafield ind1=" " ind2=" " tag="035"><subfield code="a">(NEBIS)002071919EBI01</subfield></datafield><datafield ind1=" " ind2=" " tag="035"><subfield code="a">(EXLNZ-41SLSP_NETWORK)991138811839705501</subfield></datafield><datafield ind1=" " ind2=" " tag="040"><subfield code="a">RERO geucui</subfield><subfield code="d">CH-ZuSLS</subfield></datafield><datafield ind1=" " ind2="7" tag="072"><subfield code="a">in</subfield><subfield code="2">rero</subfield></datafield><datafield ind1="0" ind2="0" tag="245"><subfield code="a">Inductive logic programming</subfield><subfield code="b">9th international workshop, ILP-99, Bled, Slovenia, June 24-27, 1999 : proceedings</subfield><subfield code="c">Saso Dzeroski, Peter Flach, (eds.)</subfield></datafield><datafield ind1="1" ind2=" " tag="246"><subfield code="a">ILP-99</subfield></datafield><datafield ind1=" " ind2="1" tag="264"><subfield code="a">Berlin [etc.]</subfield><subfield code="b">Springer</subfield><subfield code="c">[1999]</subfield></datafield><datafield ind1=" " ind2="4" tag="264"><subfield code="c">©1999</subfield></datafield><datafield ind1=" " ind2=" " tag="300"><subfield code="a">VIII, 302 p.</subfield><subfield code="b">ill.</subfield><subfield code="c">24 cm</subfield></datafield><datafield ind1=" " ind2=" " tag="336"><subfield code="b">txt</subfield><subfield code="2">rdacontent</subfield></datafield><datafield ind1=" " ind2=" " tag="337"><subfield code="b">n</subfield><subfield code="2">rdamedia</subfield></datafield><datafield ind1=" " ind2=" " tag="338"><subfield code="b">nc</subfield><subfield code="2">rdacarrier</subfield></datafield><datafield ind1="1" ind2=" " tag="490"><subfield code="a">Lecture notes in artificial intelligence. Subseries of Lecture notes in computer science</subfield><subfield code="v">1634</subfield></datafield><datafield ind1=" " ind2=" " tag="500"><subfield code="a">Variante du titre: ILP-99</subfield></datafield><datafield ind1=" " ind2=" " tag="500"><subfield code="a">Rückentitel: ILP-99</subfield></datafield><datafield ind1=" " ind2=" " tag="500"><subfield code="a">&quot;... Ninth International Workshop on Inductive Logic Programming, ILP-99.&quot;</subfield></datafield><datafield ind1=" " ind2=" " tag="504"><subfield code="a">Literaturangaben</subfield></datafield><datafield ind1=" " ind2="7" tag="650"><subfield code="a">Programmation logique</subfield><subfield code="0">(IDREF)028949102</subfield><subfield code="2">idref</subfield></datafield><datafield ind1=" " ind2="7" tag="650"><subfield code="a">Induction (logique)</subfield><subfield code="0">(IDREF)027509613</subfield><subfield code="2">idref</subfield></datafield><datafield ind1=" " ind2="7" tag="650"><subfield code="a">DEKLARATIVE PROGRAMMIERUNG + LOGISCHE PROGRAMMIERUNG (PROGRAMMIERMETHODEN)</subfield><subfield code="9">ger</subfield><subfield code="0">(ETHUDK)000013705</subfield><subfield code="2">ethudk</subfield></datafield><datafield ind1=" " ind2="7" tag="650"><subfield code="a">INDUKTIVE LOGIK (MATHEMATISCHE LOGIK)</subfield><subfield code="9">ger</subfield><subfield code="0">(ETHUDK)000012516</subfield><subfield code="2">ethudk</subfield></datafield><datafield ind1=" " ind2="7" tag="655"><subfield code="a">Actes de congrès</subfield><subfield code="0">(IDREF)02886431X</subfield><subfield code="2">idref</subfield></datafield><datafield ind1=" " ind2="7" tag="655"><subfield code="a">Konferenzschrift</subfield><subfield code="z">Bled</subfield><subfield code="y">1999/06</subfield><subfield code="2">gnd-content</subfield></datafield><datafield ind1="1" ind2=" " tag="700"><subfield code="a">Džeroski, Sašo</subfield><subfield code="0">(RERO)A003204201</subfield></datafield><datafield ind1="2" ind2=" " tag="711"><subfield code="a">International Workshop on Inductive Logic Programming</subfield><subfield code="0">(DE-588)1091962480</subfield></datafield><datafield ind1="2" ind2=" " tag="711"><subfield code="a">International Workshop on Inductive Logic Programming</subfield><subfield code="n">9</subfield><subfield code="d">1999</subfield><subfield code="c">Bled</subfield><subfield code="0">(RERO)A012440095</subfield></datafield><datafield ind1="4" ind2=" " tag="856"><subfield code="3">Abstract / Autoreninformation</subfield><subfield code="u">https://toc.library.ethz.ch/objects/pdf/000022643_e01_3540661093_02.pdf</subfield><subfield code="q">pdf</subfield></datafield><datafield ind1=" " ind2=" " tag="830"><subfield code="a">Lecture notes in computer science</subfield><subfield code="n">1 (1973) - 2999 (2004)</subfield><subfield code="v">1634</subfield><subfield code="w">(NEBIS)000025969EBI01</subfield></datafield><datafield ind1=" " ind2=" " tag="830"><subfield code="a">Lecture notes in computer science</subfield><subfield code="v">1634</subfield><subfield code="w">(RERO)0078255-41slsp</subfield></datafield><datafield ind1=" " ind2=" " tag="900"><subfield code="a">REROnoselfmerge</subfield></datafield></record>
</metadata></record>