<record><header><identifier>oai:alma.41SLSP_UGE:991000785739705502</identifier><datestamp>2024-06-10T00:08:39Z</datestamp><setSpec>uge_bcen_RapidILL_BOOK</setSpec><setSpec>uge_aaca_RapidILL_BOOK</setSpec><setSpec>uge_abels_RapidILL_BOOK</setSpec><setSpec>uge_dbu_RapidILL_BOOK</setSpec><setSpec>uge_cmu_RapidILL_BOOK</setSpec><setSpec>uge_mail_RapidILL_BOOK</setSpec><setSpec>uge_abbat_RapidILL_BOOK</setSpec><setSpec>UNIGE_ALL</setSpec><setSpec>uge_acar_RapidILL_BOOK</setSpec><setSpec>uge_aobs_RapidILL_BOOK</setSpec></header><metadata>
<record xmlns="http://www.loc.gov/MARC21/slim" xmlns:xsi="http://www.w3.org/2001/XMLSchema-instance" xsi:schemaLocation="http://www.loc.gov/MARC21/slim http://www.loc.gov/standards/marcxml/schema/MARC21slim.xsd"><leader>01418nam a2200409 c 4500</leader><controlfield tag="001">991000785739705502</controlfield><controlfield tag="005">20210207212832.0</controlfield><controlfield tag="008">201012s1978    xxu||||| |||| 00| ||eng d</controlfield><datafield ind1=" " ind2=" " tag="020"><subfield code="a">0306389290</subfield></datafield><datafield ind1="8" ind2=" " tag="024"><subfield code="a">SBRT272470</subfield></datafield><datafield ind1=" " ind2=" " tag="035"><subfield code="a">(swissbib)23850056X-41slsp_network</subfield></datafield><datafield ind1=" " ind2=" " tag="035"><subfield code="a">23850056X</subfield><subfield code="9">ExL</subfield></datafield><datafield ind1=" " ind2=" " tag="035"><subfield code="a">(RERO)0685067-41slsp</subfield></datafield><datafield ind1=" " ind2=" " tag="035"><subfield code="a">(NEBIS)003014114EBI01</subfield></datafield><datafield ind1=" " ind2=" " tag="035"><subfield code="a">(OCoLC)251700494</subfield></datafield><datafield ind1=" " ind2=" " tag="035"><subfield code="a">(EXLNZ-41SLSP_NETWORK)991067241869705501</subfield></datafield><datafield ind1=" " ind2=" " tag="040"><subfield code="a">RERO geucmu</subfield><subfield code="d">CH-ZuSLS</subfield></datafield><datafield ind1=" " ind2="7" tag="072"><subfield code="a">me</subfield><subfield code="2">rero</subfield></datafield><datafield ind1="0" ind2="0" tag="245"><subfield code="a">Chemical pathways in the brain</subfield><subfield code="c">ed. by Leslie L. Iversen, Susan D. Iversen and Solomon H. Snyder</subfield></datafield><datafield ind1=" " ind2="1" tag="264"><subfield code="a">New York</subfield><subfield code="a">London</subfield><subfield code="b">Plenum Press</subfield><subfield code="c">[1978]</subfield></datafield><datafield ind1=" " ind2="4" tag="264"><subfield code="c">© 1978</subfield></datafield><datafield ind1=" " ind2=" " tag="300"><subfield code="a">XV, 410 p.</subfield><subfield code="b">ill.</subfield><subfield code="c">26 cm</subfield></datafield><datafield ind1=" " ind2=" " tag="336"><subfield code="b">txt</subfield><subfield code="2">rdacontent</subfield></datafield><datafield ind1=" " ind2=" " tag="337"><subfield code="b">n</subfield><subfield code="2">rdamedia</subfield></datafield><datafield ind1=" " ind2=" " tag="338"><subfield code="b">nc</subfield><subfield code="2">rdacarrier</subfield></datafield><datafield ind1="1" ind2=" " tag="490"><subfield code="a">Handbook of psychopharmacology</subfield><subfield code="v">vol. 9. Section 2, Behavioral pharmacology in animals</subfield></datafield><datafield ind1=" " ind2=" " tag="504"><subfield code="a">Literaturangaben</subfield></datafield><datafield ind1=" " ind2="2" tag="650"><subfield code="a">Brain</subfield><subfield code="x">drug effects</subfield></datafield><datafield ind1=" " ind2="2" tag="650"><subfield code="a">Brain</subfield><subfield code="x">anatomy &amp; histology</subfield></datafield><datafield ind1=" " ind2="2" tag="650"><subfield code="a">Neuroregulators</subfield></datafield><datafield ind1=" " ind2="2" tag="650"><subfield code="a">Brain Chemistry</subfield></datafield><datafield ind1="1" ind2=" " tag="700"><subfield code="a">Iversen, Leslie L.</subfield></datafield><datafield ind1="1" ind2=" " tag="700"><subfield code="a">Iversen, Leslie Lars</subfield><subfield code="d">1937-....</subfield><subfield code="0">(IDREF)031629741</subfield></datafield><datafield ind1="1" ind2=" " tag="700"><subfield code="a">Iversen, Susan Diana</subfield><subfield code="d">1940-....</subfield><subfield code="0">(IDREF)059206128</subfield></datafield><datafield ind1="1" ind2=" " tag="700"><subfield code="a">Snyder, Solomon Halbert</subfield><subfield code="c">neurologue</subfield><subfield code="d">1938-....</subfield><subfield code="0">(IDREF)059206659</subfield></datafield><datafield ind1=" " ind2="0" tag="830"><subfield code="a">Handbook of psychopharmacology</subfield><subfield code="v">9</subfield><subfield code="w">(RERO)0505387-41slsp</subfield></datafield><datafield ind1=" " ind2=" " tag="900"><subfield code="a">REROnoselfmerge</subfield></datafield><datafield ind1=" " ind2=" " tag="900"><subfield code="a">IDSZRMedeaZBZ</subfield></datafield></record>
</metadata></record>