<record><header><identifier>oai:alma.41SLSP_UGE:991000785539705502</identifier><datestamp>2023-03-01T01:09:48Z</datestamp><setSpec>uge_bcen_RapidILL_BOOK</setSpec><setSpec>uge_aaca_RapidILL_BOOK</setSpec><setSpec>uge_abels_RapidILL_BOOK</setSpec><setSpec>uge_dbu_RapidILL_BOOK</setSpec><setSpec>uge_cmu_RapidILL_BOOK</setSpec><setSpec>uge_mail_RapidILL_BOOK</setSpec><setSpec>UNIGE_ALL</setSpec><setSpec>uge_abbat_RapidILL_BOOK</setSpec><setSpec>uge_aobs_RapidILL_BOOK</setSpec><setSpec>uge_acar_RapidILL_BOOK</setSpec></header><metadata>
<record xmlns="http://www.loc.gov/MARC21/slim" xmlns:xsi="http://www.w3.org/2001/XMLSchema-instance" xsi:schemaLocation="http://www.loc.gov/MARC21/slim http://www.loc.gov/standards/marcxml/schema/MARC21slim.xsd"><leader>01055naa a2200253 c 4500</leader><controlfield tag="001">991000785539705502</controlfield><controlfield tag="005">20201225181129.0</controlfield><controlfield tag="008">000923s1962    fr ||||| |||| 00| ||fre d</controlfield><datafield ind1=" " ind2=" " tag="035"><subfield code="a">(swissbib)085742961-41slsp_network</subfield></datafield><datafield ind1=" " ind2=" " tag="035"><subfield code="a">085742961</subfield><subfield code="9">ExL</subfield></datafield><datafield ind1=" " ind2=" " tag="035"><subfield code="a">(RERO)1405419-41slsp</subfield></datafield><datafield ind1=" " ind2=" " tag="035"><subfield code="a">(EXLNZ-41SLSP_NETWORK)991022286789705501</subfield></datafield><datafield ind1=" " ind2=" " tag="040"><subfield code="a">RERO vsbcvs</subfield><subfield code="d">CH-ZuSLS</subfield></datafield><datafield ind1=" " ind2="7" tag="072"><subfield code="a">fr</subfield><subfield code="2">rero</subfield></datafield><datafield ind1="1" ind2=" " tag="100"><subfield code="a">Gasc, Yves</subfield><subfield code="d">1930-2018</subfield><subfield code="0">(IDREF)031177417</subfield><subfield code="4">cre</subfield></datafield><datafield ind1="1" ind2="0" tag="245"><subfield code="a">&lt;&lt;La&gt;&gt; folie Rostanov</subfield><subfield code="b">comédie en quatre actes</subfield><subfield code="c">d'Yves Gasc ; d'après un roman de Dostoïevski ; mise en scène de Maurice Guillaud ; décor et costumes d'Yves Faucheur</subfield></datafield><datafield ind1=" " ind2=" " tag="336"><subfield code="b">txt</subfield><subfield code="2">rdacontent</subfield></datafield><datafield ind1=" " ind2=" " tag="337"><subfield code="b">n</subfield><subfield code="2">rdamedia</subfield></datafield><datafield ind1=" " ind2=" " tag="338"><subfield code="b">nc</subfield><subfield code="2">rdacarrier</subfield></datafield><datafield ind1=" " ind2=" " tag="500"><subfield code="a">D'après &quot;Le domaine de Stepanchikovo&quot;</subfield></datafield><datafield ind1=" " ind2=" " tag="580"><subfield code="a">In: L'avant-scène. Théâtre. - Paris. - No 271(1962), p. 7-34</subfield></datafield><datafield ind1="1" ind2="2" tag="700"><subfield code="a">Dostoevskiĭ, Fedor Mikhaĭlovich</subfield><subfield code="d">1821-1881</subfield><subfield code="t">Selo stepančikovo i ego obitateli</subfield></datafield><datafield ind1="1" ind2=" " tag="700"><subfield code="a">Dostoevskiĭ, Fedor Mikhaĭlovich</subfield><subfield code="d">1821-1881</subfield></datafield><datafield ind1="0" ind2=" " tag="773"><subfield code="t">Avant-scène. Théâtre</subfield><subfield code="g">271/7</subfield><subfield code="w">(RERO)0054782-41slsp</subfield></datafield><datafield ind1=" " ind2=" " tag="900"><subfield code="a">REROnoselfmerge</subfield></datafield></record>
</metadata></record>