<record><header><identifier>oai:alma.41SLSP_UGE:991000796879705502</identifier><datestamp>2023-06-20T00:21:58Z</datestamp><setSpec>uge_bcen_RapidILL_BOOK</setSpec><setSpec>uge_aaca_RapidILL_BOOK</setSpec><setSpec>uge_abels_RapidILL_BOOK</setSpec><setSpec>uge_dbu_RapidILL_BOOK</setSpec><setSpec>uge_cmu_RapidILL_BOOK</setSpec><setSpec>uge_mail_RapidILL_BOOK</setSpec><setSpec>uge_abbat_RapidILL_BOOK</setSpec><setSpec>UNIGE_ALL</setSpec><setSpec>uge_acar_RapidILL_BOOK</setSpec><setSpec>uge_aobs_RapidILL_BOOK</setSpec></header><metadata>
<record xmlns="http://www.loc.gov/MARC21/slim" xmlns:xsi="http://www.w3.org/2001/XMLSchema-instance" xsi:schemaLocation="http://www.loc.gov/MARC21/slim http://www.loc.gov/standards/marcxml/schema/MARC21slim.xsd"><leader>03455nam a2200889uc 4500</leader><controlfield tag="001">991000796879705502</controlfield><controlfield tag="005">20230619210619.0</controlfield><controlfield tag="008">201011s1996    fr            00| | fre d</controlfield><datafield ind1=" " ind2=" " tag="020"><subfield code="a">2911043081</subfield></datafield><datafield ind1="7" ind2=" " tag="024"><subfield code="a">http://catalogue.bnf.fr/ark:/12148/cb35836400m</subfield><subfield code="2">uri</subfield></datafield><datafield ind1=" " ind2=" " tag="035"><subfield code="a">(swissbib)22203985X-41slsp_network</subfield></datafield><datafield ind1=" " ind2=" " tag="035"><subfield code="a">22203985X</subfield><subfield code="9">ExL</subfield></datafield><datafield ind1=" " ind2=" " tag="035"><subfield code="a">(IDSBB)001345023DSV01</subfield></datafield><datafield ind1=" " ind2=" " tag="035"><subfield code="a">(RERO)2273252-41slsp</subfield></datafield><datafield ind1=" " ind2=" " tag="035"><subfield code="a">(NEBIS)001672571EBI01</subfield></datafield><datafield ind1=" " ind2=" " tag="035"><subfield code="a">(EXLNZ-41SLSP_NETWORK)991122484749705501</subfield></datafield><datafield ind1=" " ind2=" " tag="040"><subfield code="a">SzZuIDS BS/BE A100</subfield><subfield code="b">ger</subfield><subfield code="e">kids</subfield><subfield code="d">CH-ZuSLS</subfield></datafield><datafield ind1=" " ind2="7" tag="072"><subfield code="a">bb</subfield><subfield code="2">SzZuIDS BS/BE</subfield></datafield><datafield ind1=" " ind2="7" tag="072"><subfield code="a">kh</subfield><subfield code="2">SzZuIDS BS/BE</subfield></datafield><datafield ind1=" " ind2="7" tag="072"><subfield code="a">ba</subfield><subfield code="2">rero</subfield></datafield><datafield ind1="0" ind2="4" tag="082"><subfield code="a">700</subfield></datafield><datafield ind1="0" ind2="4" tag="082"><subfield code="a">740</subfield></datafield><datafield ind1="1" ind2="4" tag="082"><subfield code="a">020</subfield><subfield code="2">15</subfield></datafield><datafield ind1="1" ind2="4" tag="082"><subfield code="a">700</subfield><subfield code="2">1</subfield></datafield><datafield ind1="1" ind2=" " tag="100"><subfield code="a">Kaenel, Philippe</subfield><subfield code="d">1960-</subfield><subfield code="0">(DE-588)143447513</subfield><subfield code="6">880-01</subfield></datafield><datafield ind1="1" ind2=" " tag="880"><subfield code="6">100-01</subfield><subfield code="a">Kaenel, Philippe</subfield><subfield code="d">1960-....</subfield><subfield code="0">(IDREF)029573688</subfield><subfield code="4">cre</subfield></datafield><datafield ind1="1" ind2="0" tag="245"><subfield code="a">&lt;&lt;Le&gt;&gt; métier d'illustrateur 1830-1880</subfield><subfield code="b">Rodolphe Töpffer, J.-J. Grandville, Gustave Doré</subfield><subfield code="c">Philippe Kaenel</subfield></datafield><datafield ind1=" " ind2="1" tag="264"><subfield code="a">Paris</subfield><subfield code="b">Messene</subfield><subfield code="c">1996</subfield></datafield><datafield ind1=" " ind2=" " tag="300"><subfield code="a">376 S.</subfield><subfield code="b">Ill.</subfield><subfield code="c">25 cm</subfield></datafield><datafield ind1=" " ind2=" " tag="336"><subfield code="b">txt</subfield><subfield code="2">rdacontent</subfield></datafield><datafield ind1=" " ind2=" " tag="337"><subfield code="b">n</subfield><subfield code="2">rdamedia</subfield></datafield><datafield ind1=" " ind2=" " tag="338"><subfield code="b">nc</subfield><subfield code="2">rdacarrier</subfield></datafield><datafield ind1="0" ind2=" " tag="490"><subfield code="a">L'essentiel des thèses</subfield></datafield><datafield ind1=" " ind2=" " tag="500"><subfield code="a">Zugl.: Überarb. Diss. Univ. Lausanne, 1994</subfield></datafield><datafield ind1=" " ind2=" " tag="502"><subfield code="a">Diss., Univ. Lausanne, 1994</subfield></datafield><datafield ind1=" " ind2=" " tag="504"><subfield code="a">Bibliogr.: p. 344-356</subfield></datafield><datafield ind1="1" ind2="7" tag="600"><subfield code="a">Töpffer, Rodolphe</subfield><subfield code="2">idsbb</subfield></datafield><datafield ind1="0" ind2="7" tag="600"><subfield code="a">Grandville</subfield><subfield code="2">idsbb</subfield></datafield><datafield ind1="1" ind2="7" tag="600"><subfield code="a">Doré, Gustave</subfield><subfield code="2">idsbb</subfield></datafield><datafield ind1="1" ind2="7" tag="600"><subfield code="a">Doré, Gustave</subfield><subfield code="d">1832-1883</subfield><subfield code="0">(IDREF)026835061</subfield><subfield code="2">idref</subfield></datafield><datafield ind1="0" ind2="7" tag="600"><subfield code="a">Grandville</subfield><subfield code="0">(RERO)A009994599</subfield><subfield code="2">rero</subfield></datafield><datafield ind1="1" ind2="7" tag="600"><subfield code="a">Töpffer, Rodolphe</subfield><subfield code="d">1799-1846</subfield><subfield code="0">(IDREF)027165582</subfield><subfield code="2">idref</subfield></datafield><datafield ind1="1" ind2="7" tag="600"><subfield code="a">Doré, Gustave</subfield><subfield code="2">idszbz</subfield></datafield><datafield ind1="0" ind2="7" tag="600"><subfield code="a">Grandville</subfield><subfield code="2">idszbz</subfield></datafield><datafield ind1="1" ind2="7" tag="600"><subfield code="a">Töpffer, Rodolphe</subfield><subfield code="2">idszbz</subfield></datafield><datafield ind1="1" ind2="7" tag="600"><subfield code="a">Doré, Gustave</subfield><subfield code="d">1832-1883</subfield><subfield code="0">(DE-588)118526839</subfield><subfield code="2">gnd</subfield></datafield><datafield ind1="0" ind2="7" tag="600"><subfield code="a">Grandville</subfield><subfield code="d">1803-1847</subfield><subfield code="0">(DE-588)11854151X</subfield><subfield code="2">gnd</subfield></datafield><datafield ind1="1" ind2="7" tag="600"><subfield code="a">Toepffer, Rodolphe</subfield><subfield code="d">1799-1846</subfield><subfield code="0">(DE-588)118623141</subfield><subfield code="2">gnd</subfield></datafield><datafield ind1="1" ind2="0" tag="600"><subfield code="a">Doré, Gustave</subfield><subfield code="d">1832-1883</subfield></datafield><datafield ind1="1" ind2="0" tag="600"><subfield code="a">Grandville, J. J</subfield><subfield code="d">1803-1847</subfield></datafield><datafield ind1="1" ind2="0" tag="600"><subfield code="a">Granville, J. J</subfield><subfield code="d">1803-1847</subfield></datafield><datafield ind1="1" ind2="0" tag="600"><subfield code="a">Töpffer, Rodolphe</subfield><subfield code="d">1799-1846</subfield></datafield><datafield ind1=" " ind2="7" tag="648"><subfield code="a">Geschichte 1800-1900</subfield><subfield code="2">idszbz</subfield></datafield><datafield ind1=" " ind2="7" tag="648"><subfield code="a">Geschichte 1830-1880</subfield><subfield code="2">idszbz</subfield></datafield><datafield ind1=" " ind2="7" tag="650"><subfield code="a">Illustration</subfield><subfield code="z">Frankreich</subfield><subfield code="y">Geschichte 19. Jh</subfield><subfield code="2">idsbb</subfield></datafield><datafield ind1=" " ind2="7" tag="650"><subfield code="a">1830-1880</subfield><subfield code="2">rero</subfield></datafield><datafield ind1=" " ind2="7" tag="650"><subfield code="a">Illustrations</subfield><subfield code="0">(IDREF)027791785</subfield><subfield code="2">idref</subfield></datafield><datafield ind1=" " ind2="7" tag="650"><subfield code="a">Illustration</subfield><subfield code="2">idszbz</subfield></datafield><datafield ind1=" " ind2="7" tag="650"><subfield code="a">Buchgestaltung</subfield><subfield code="0">(DE-588)4146814-4</subfield><subfield code="2">gnd</subfield></datafield><datafield ind1=" " ind2="7" tag="650"><subfield code="a">Illustration</subfield><subfield code="0">(DE-588)4123412-1</subfield><subfield code="2">gnd</subfield></datafield><datafield ind1=" " ind2="7" tag="650"><subfield code="a">Illustriertes Buch</subfield><subfield code="0">(DE-588)4136134-9</subfield><subfield code="2">gnd</subfield></datafield><datafield ind1=" " ind2="0" tag="650"><subfield code="a">Illustration of books</subfield><subfield code="y">19th century</subfield><subfield code="z">France</subfield></datafield><datafield ind1=" " ind2="0" tag="650"><subfield code="a">Illustration of books</subfield><subfield code="y">19th century</subfield><subfield code="z">Switzerland</subfield></datafield><datafield ind1=" " ind2="0" tag="650"><subfield code="a">Illustrators</subfield><subfield code="v">Biography</subfield><subfield code="z">France</subfield></datafield><datafield ind1=" " ind2="0" tag="650"><subfield code="a">Illustrators</subfield><subfield code="v">Biography</subfield><subfield code="z">Switzerland</subfield></datafield><datafield ind1=" " ind2="7" tag="650"><subfield code="a">BUCHMALEREI + BUCHILLUSTRATION</subfield><subfield code="9">ger</subfield><subfield code="0">(ETHUDK)000035860</subfield><subfield code="2">ethudk</subfield></datafield><datafield ind1=" " ind2="7" tag="650"><subfield code="a">GRAFIK</subfield><subfield code="9">ger</subfield><subfield code="0">(ETHUDK)000035861</subfield><subfield code="2">ethudk</subfield></datafield><datafield ind1=" " ind2="7" tag="650"><subfield code="a">&quot;1830/1880&quot;</subfield><subfield code="2">ethudk</subfield></datafield><datafield ind1=" " ind2="7" tag="651"><subfield code="a">Frankreich</subfield><subfield code="2">idszbz</subfield></datafield><datafield ind1=" " ind2="7" tag="651"><subfield code="a">Frankreich</subfield><subfield code="0">(DE-588)4018145-5</subfield><subfield code="2">gnd</subfield></datafield><datafield ind1=" " ind2="7" tag="655"><subfield code="a">Hochschulschrift</subfield><subfield code="2">gnd-content</subfield></datafield><datafield ind1=" " ind2=" " tag="690"><subfield code="a">Töpffer, Rodolphe</subfield><subfield code="2">ubs-A5</subfield></datafield><datafield ind1=" " ind2=" " tag="690"><subfield code="a">Grandville, Jean Ignace Isidore Gérard</subfield><subfield code="2">ubs-A5</subfield></datafield><datafield ind1=" " ind2=" " tag="690"><subfield code="a">Doré, Gustave</subfield><subfield code="2">ubs-A5</subfield></datafield><datafield ind1="0" ind2=" " tag="700"><subfield code="a">Grandville</subfield><subfield code="d">1803-1847</subfield><subfield code="0">(DE-588)11854151X</subfield></datafield><datafield ind1="1" ind2=" " tag="700"><subfield code="a">Doré, Gustave</subfield><subfield code="d">1832-1883</subfield><subfield code="0">(DE-588)118526839</subfield></datafield><datafield ind1="1" ind2=" " tag="700"><subfield code="a">Toepffer, Rodolphe</subfield><subfield code="d">1799-1846</subfield><subfield code="0">(DE-588)118623141</subfield></datafield><datafield ind1=" " ind2="0" tag="830"><subfield code="a">Collection L'essentiel des thèses</subfield><subfield code="w">(RERO)2075299-41slsp</subfield></datafield><datafield ind1=" " ind2=" " tag="993"><subfield code="a">BFLA 111175</subfield><subfield code="x">ge/ulha/d/97/0515</subfield><subfield code="9">LOCAL</subfield></datafield><datafield ind1=" " ind2=" " tag="993"><subfield code="a">BFLA 108887</subfield><subfield code="x">ge/ulha/a/97</subfield><subfield code="9">LOCAL</subfield></datafield></record>
</metadata></record>