<record><header><identifier>oai:alma.41SLSP_UGE:991000796779705502</identifier><datestamp>2023-03-01T01:09:48Z</datestamp><setSpec>uge_bcen_RapidILL_BOOK</setSpec><setSpec>uge_aaca_RapidILL_BOOK</setSpec><setSpec>uge_abels_RapidILL_BOOK</setSpec><setSpec>uge_dbu_RapidILL_BOOK</setSpec><setSpec>uge_cmu_RapidILL_BOOK</setSpec><setSpec>uge_mail_RapidILL_BOOK</setSpec><setSpec>UNIGE_ALL</setSpec><setSpec>uge_abbat_RapidILL_BOOK</setSpec><setSpec>uge_aobs_RapidILL_BOOK</setSpec><setSpec>uge_acar_RapidILL_BOOK</setSpec></header><metadata>
<record xmlns="http://www.loc.gov/MARC21/slim" xmlns:xsi="http://www.w3.org/2001/XMLSchema-instance" xsi:schemaLocation="http://www.loc.gov/MARC21/slim http://www.loc.gov/standards/marcxml/schema/MARC21slim.xsd"><leader>01294naa a2200277 c 4500</leader><controlfield tag="001">991000796779705502</controlfield><controlfield tag="005">20230208204206.0</controlfield><controlfield tag="008">101122s2010    it ||||| |||| 10| ||fre d</controlfield><datafield ind1=" " ind2=" " tag="035"><subfield code="a">(swissbib)111192439-41slsp_network</subfield></datafield><datafield ind1=" " ind2=" " tag="035"><subfield code="a">111192439</subfield><subfield code="9">ExL</subfield></datafield><datafield ind1=" " ind2=" " tag="035"><subfield code="a">(RERO)R005719936-41slsp</subfield></datafield><datafield ind1=" " ind2=" " tag="035"><subfield code="a">(EXLNZ-41SLSP_NETWORK)991118479929705501</subfield></datafield><datafield ind1=" " ind2=" " tag="040"><subfield code="a">RERO gecaeg</subfield><subfield code="d">CH-ZuSLS</subfield></datafield><datafield ind1=" " ind2="7" tag="072"><subfield code="a">th</subfield><subfield code="2">rero</subfield></datafield><datafield ind1="1" ind2=" " tag="100"><subfield code="a">Backus, Irena</subfield><subfield code="d">1950-2019</subfield><subfield code="0">(IDREF)028446267</subfield><subfield code="4">cre</subfield></datafield><datafield ind1="1" ind2="0" tag="245"><subfield code="a">&lt;&lt;La&gt;&gt; conversion à la Réforme de quelques réformateurs, vue par eux-mêmes et par leurs biographes au XVIe siècle</subfield><subfield code="c">Irena Backus</subfield></datafield><datafield ind1=" " ind2=" " tag="336"><subfield code="b">txt</subfield><subfield code="2">rdacontent</subfield></datafield><datafield ind1=" " ind2=" " tag="337"><subfield code="b">n</subfield><subfield code="2">rdamedia</subfield></datafield><datafield ind1=" " ind2=" " tag="338"><subfield code="b">nc</subfield><subfield code="2">rdacarrier</subfield></datafield><datafield ind1="8" ind2=" " tag="520"><subfield code="a">Evoque entre autres les conversions de Calvin et Bèze</subfield><subfield code="5">RERO/gecaeg/11.2010</subfield></datafield><datafield ind1=" " ind2=" " tag="580"><subfield code="a">In: Les modes de la conversion confessionnelle à l'époque moderne. - Firenze : L. S. Olschki, 2010. - P. 3-20</subfield></datafield><datafield ind1=" " ind2="7" tag="650"><subfield code="a">conversion (théologie)</subfield><subfield code="0">(RERO)A009979775</subfield><subfield code="2">rerovoc</subfield></datafield><datafield ind1=" " ind2="7" tag="650"><subfield code="a">Protestantisme</subfield><subfield code="0">(IDREF)027267318</subfield><subfield code="2">idref</subfield></datafield><datafield ind1=" " ind2="7" tag="650"><subfield code="a">16e siècle</subfield><subfield code="0">(IDREF)027794520</subfield><subfield code="2">idref</subfield></datafield><datafield ind1=" " ind2="7" tag="655"><subfield code="a">Études de cas</subfield><subfield code="0">(IDREF)027588505</subfield><subfield code="2">idref</subfield></datafield><datafield ind1="0" ind2=" " tag="773"><subfield code="t">Modes de la conversion confessionnelle à l'époque moderne : autobiographie, altérité et construction des identités religieuses</subfield><subfield code="g">3</subfield><subfield code="w">(RERO)R005528495-41slsp</subfield></datafield><datafield ind1=" " ind2=" " tag="900"><subfield code="a">REROnoselfmerge</subfield></datafield></record>
</metadata></record>