<record><header><identifier>oai:alma.41SLSP_UGE:991000796889705502</identifier><datestamp>2023-03-27T00:10:44Z</datestamp><setSpec>uge_cmu_RapidILL_JOURNAL</setSpec><setSpec>uge_aobs_RapidILL_JOURNAL</setSpec><setSpec>uge_aaca_RapidILL_JOURNAL</setSpec><setSpec>uge_abbat_RapidILL_JOURNAL</setSpec><setSpec>uge_bcen_RapidILL_JOURNAL</setSpec><setSpec>uge_dbu_RapidILL_JOURNAL</setSpec><setSpec>uge_mail_RapidILL_JOURNAL</setSpec><setSpec>uge_abels_RapidILL_JOURNAL</setSpec><setSpec>UNIGE_ALL</setSpec><setSpec>uge_acar_RapidILL_JOURNAL</setSpec></header><metadata>
<record xmlns="http://www.loc.gov/MARC21/slim" xmlns:xsi="http://www.w3.org/2001/XMLSchema-instance" xsi:schemaLocation="http://www.loc.gov/MARC21/slim http://www.loc.gov/standards/marcxml/schema/MARC21slim.xsd"><leader>02890nas a2200673 c 4500</leader><controlfield tag="001">991000796889705502</controlfield><controlfield tag="005">20230326210415.0</controlfield><controlfield tag="008">201011c19879999xxk | p       0    0eng  </controlfield><datafield ind1="7" ind2=" " tag="016"><subfield code="a">622937-2</subfield><subfield code="2">ZDB</subfield></datafield><datafield ind1=" " ind2=" " tag="022"><subfield code="l">0269-994X</subfield></datafield><datafield ind1=" " ind2=" " tag="022"><subfield code="y">1464-0597</subfield></datafield><datafield ind1=" " ind2=" " tag="022"><subfield code="a">0269-994X</subfield></datafield><datafield ind1=" " ind2=" " tag="035"><subfield code="a">(swissbib)222238682-41slsp_network</subfield></datafield><datafield ind1=" " ind2=" " tag="035"><subfield code="a">222238682</subfield><subfield code="9">ExL</subfield></datafield><datafield ind1=" " ind2=" " tag="035"><subfield code="a">(NEBIS)004496528EBI01</subfield></datafield><datafield ind1=" " ind2=" " tag="035"><subfield code="a">(IDSBB)000994277DSV01</subfield></datafield><datafield ind1=" " ind2=" " tag="035"><subfield code="a">(RERO)0837502-41slsp</subfield></datafield><datafield ind1=" " ind2=" " tag="035"><subfield code="a">(IDSSG)000003498HSB01</subfield></datafield><datafield ind1=" " ind2=" " tag="035"><subfield code="a">(EXLNZ-41SLSP_NETWORK)991131436579705501</subfield></datafield><datafield ind1=" " ind2=" " tag="040"><subfield code="a">SzZuIDS NEBIS ETH-IFAP</subfield><subfield code="b">ger</subfield><subfield code="e">rda</subfield><subfield code="d">CH-ZuSLS</subfield></datafield><datafield ind1=" " ind2="7" tag="072"><subfield code="a">ps</subfield><subfield code="2">SzZuIDS BS/BE</subfield></datafield><datafield ind1=" " ind2="7" tag="072"><subfield code="a">ps</subfield><subfield code="2">rero</subfield></datafield><datafield ind1="1" ind2="4" tag="082"><subfield code="a">150</subfield><subfield code="2">15</subfield></datafield><datafield ind1="1" ind2=" " tag="210"><subfield code="a">Appl. psychol.</subfield><subfield code="b">Print</subfield></datafield><datafield ind1="0" ind2="0" tag="245"><subfield code="a">Applied psychology</subfield><subfield code="b">an international review</subfield><subfield code="c">International Association of Applied Psychology = Psychologie appliquée : revue internationale</subfield></datafield><datafield ind1="1" ind2="1" tag="246"><subfield code="a">Psychologie appliquée</subfield></datafield><datafield ind1="1" ind2=" " tag="246"><subfield code="a">APPS</subfield></datafield><datafield ind1=" " ind2="1" tag="264"><subfield code="a">Letchworth</subfield><subfield code="b">Erlbaum</subfield><subfield code="c">1987-</subfield><subfield code="3">1987-1996</subfield></datafield><datafield ind1="3" ind2="1" tag="264"><subfield code="a">Oxford</subfield><subfield code="b">Wiley-Blackwell</subfield><subfield code="3">1997-</subfield></datafield><datafield ind1=" " ind2=" " tag="300"><subfield code="a">Bände</subfield></datafield><datafield ind1=" " ind2=" " tag="310"><subfield code="a">Vierteljährlich</subfield></datafield><datafield ind1=" " ind2=" " tag="336"><subfield code="b">txt</subfield><subfield code="2">rdacontent</subfield></datafield><datafield ind1=" " ind2=" " tag="337"><subfield code="b">n</subfield><subfield code="2">rdamedia</subfield></datafield><datafield ind1=" " ind2=" " tag="338"><subfield code="b">nc</subfield><subfield code="2">rdacarrier</subfield></datafield><datafield ind1="0" ind2=" " tag="362"><subfield code="a">Volume 36 (1987)-</subfield></datafield><datafield ind1=" " ind2=" " tag="500"><subfield code="a">Einzelne Hefte auch als &quot;Special issue&quot; bez.</subfield></datafield><datafield ind1=" " ind2=" " tag="500"><subfield code="a">Impressum früher: Hove : Lawrence Erlbaum</subfield></datafield><datafield ind1=" " ind2=" " tag="580"><subfield code="a">Fait suite à: International review of applied psychology</subfield></datafield><datafield ind1=" " ind2=" " tag="591"><subfield code="a">UB St. Gallen</subfield><subfield code="b">Archivexemplar</subfield></datafield><datafield ind1=" " ind2="7" tag="650"><subfield code="a">Psychologie</subfield><subfield code="x">Forschung</subfield><subfield code="2">swd</subfield></datafield><datafield ind1=" " ind2="7" tag="650"><subfield code="a">ANGEWANDTE PSYCHOLOGIE</subfield><subfield code="9">ger</subfield><subfield code="0">(ETHUDK)000009604</subfield><subfield code="2">ethudk</subfield></datafield><datafield ind1=" " ind2="7" tag="650"><subfield code="a">Psychologie appliquée</subfield><subfield code="0">(IDREF)02778195X</subfield><subfield code="2">idref</subfield></datafield><datafield ind1=" " ind2="7" tag="650"><subfield code="a">Angewandte Psychologie</subfield><subfield code="0">(DE-588)4002028-9</subfield><subfield code="2">gnd</subfield></datafield><datafield ind1=" " ind2="7" tag="650"><subfield code="a">Psychologie</subfield><subfield code="0">(DE-588)4047704-6</subfield><subfield code="2">gnd</subfield></datafield><datafield ind1=" " ind2="7" tag="655"><subfield code="a">Périodiques</subfield><subfield code="0">(IDREF)02724640X</subfield><subfield code="2">idref</subfield></datafield><datafield ind1=" " ind2="7" tag="655"><subfield code="a">Zeitschrift</subfield><subfield code="2">gnd-content</subfield></datafield><datafield ind1=" " ind2=" " tag="690"><subfield code="a">Angewandte Psychologie</subfield><subfield code="2">nebis-E4</subfield></datafield><datafield ind1=" " ind2=" " tag="690"><subfield code="a">Psychologie</subfield><subfield code="2">nebis-E4</subfield></datafield><datafield ind1="2" ind2=" " tag="710"><subfield code="a">Association internationale de psychologie appliquée</subfield><subfield code="0">(RERO)A000012068</subfield></datafield><datafield ind1="2" ind2=" " tag="710"><subfield code="a">International Association of Applied Psychology</subfield><subfield code="0">(DE-588)36971-8</subfield><subfield code="e">Herausgebendes Organ</subfield><subfield code="4">isb</subfield><subfield code="6">880-02</subfield></datafield><datafield ind1="2" ind2=" " tag="880"><subfield code="a">International Association of Applied Psychology</subfield><subfield code="0">(DE-588)1090459467</subfield><subfield code="6">710-02</subfield></datafield><datafield ind1="2" ind2=" " tag="711"><subfield code="a">International Association of Applied Psychology</subfield><subfield code="0">(DE-588)1091657718</subfield></datafield><datafield ind1="0" ind2=" " tag="730"><subfield code="a">Applied psychology</subfield><subfield code="p">Erlbaum</subfield></datafield><datafield ind1="0" ind2="0" tag="780"><subfield code="t">International review of applied psychology</subfield><subfield code="w">(IDSSG)000003499HSB01</subfield></datafield><datafield ind1="0" ind2="0" tag="780"><subfield code="t">International review of applied psychology = Revue internationale de psychologie appliquée : the journal of the International Association of Applied Psychology</subfield><subfield code="w">(RERO)0708338-41slsp</subfield></datafield><datafield ind1="0" ind2="8" tag="776"><subfield code="i">Erscheint auch als Online-Ausgabe</subfield><subfield code="t">Applied psychology</subfield><subfield code="x">1464-0597</subfield><subfield code="w">(IDSBB)006634139DSV01</subfield></datafield><datafield ind1="0" ind2="0" tag="780"><subfield code="t">International review of applied psychology</subfield><subfield code="w">(NEBIS)004496517EBI01</subfield></datafield><datafield ind1="0" ind2="8" tag="776"><subfield code="i">Online-Ausgabe</subfield><subfield code="w">(IDSSG)000970623HSB01</subfield></datafield><datafield ind1=" " ind2=" " tag="900"><subfield code="a">NEBISnoselfmerge</subfield></datafield><datafield ind1=" " ind2=" " tag="900"><subfield code="a">REROnoselfmerge</subfield></datafield></record>
</metadata></record>