<record><header><identifier>oai:alma.41SLSP_UGE:991000796159705502</identifier><datestamp>2023-07-18T00:14:58Z</datestamp><setSpec>uge_bcen_RapidILL_BOOK</setSpec><setSpec>uge_aaca_RapidILL_BOOK</setSpec><setSpec>uge_abels_RapidILL_BOOK</setSpec><setSpec>uge_dbu_RapidILL_BOOK</setSpec><setSpec>uge_cmu_RapidILL_BOOK</setSpec><setSpec>uge_mail_RapidILL_BOOK</setSpec><setSpec>uge_abbat_RapidILL_BOOK</setSpec><setSpec>UNIGE_ALL</setSpec><setSpec>uge_aobs_RapidILL_BOOK</setSpec><setSpec>uge_acar_RapidILL_BOOK</setSpec></header><metadata>
<record xmlns="http://www.loc.gov/MARC21/slim" xmlns:xsi="http://www.w3.org/2001/XMLSchema-instance" xsi:schemaLocation="http://www.loc.gov/MARC21/slim http://www.loc.gov/standards/marcxml/schema/MARC21slim.xsd"><leader>02696nam a2200337 c 4500</leader><controlfield tag="001">991000796159705502</controlfield><controlfield tag="005">20230717200538.0</controlfield><controlfield tag="008">940629s1988    ru ||||| |||| 00| ||rus d</controlfield><datafield ind1=" " ind2=" " tag="020"><subfield code="a">5239002215</subfield></datafield><datafield ind1=" " ind2=" " tag="035"><subfield code="a">(swissbib)088905608-41slsp_network</subfield></datafield><datafield ind1=" " ind2=" " tag="035"><subfield code="a">088905608</subfield><subfield code="9">ExL</subfield></datafield><datafield ind1=" " ind2=" " tag="035"><subfield code="a">(RERO)1874732-41slsp</subfield></datafield><datafield ind1=" " ind2=" " tag="035"><subfield code="a">(EXLNZ-41SLSP_NETWORK)991056759969705501</subfield></datafield><datafield ind1=" " ind2=" " tag="040"><subfield code="a">RERO geulru</subfield><subfield code="d">CH-ZuSLS</subfield></datafield><datafield ind1=" " ind2="7" tag="072"><subfield code="a">ru</subfield><subfield code="2">rero</subfield></datafield><datafield ind1="1" ind2=" " tag="100"><subfield code="6">880-01</subfield><subfield code="a">Chukovskai︠a︡, Lidii︠a︡ Korneevna</subfield><subfield code="0">(IDREF)256915423</subfield><subfield code="4">cre</subfield></datafield><datafield ind1="1" ind2=" " tag="880"><subfield code="6">100-01/(N</subfield><subfield code="a">Чуковская, Лидия Корнеевна</subfield></datafield><datafield ind1="1" ind2="0" tag="245"><subfield code="6">880-02</subfield><subfield code="a">Sofʹi︠a︡ Petrovna</subfield><subfield code="b">; Spusk pod vodu : povesti</subfield><subfield code="c">Lidii︠a︡ Chukovskai︠a︡</subfield></datafield><datafield ind1="1" ind2="0" tag="880"><subfield code="6">245-02/(N</subfield><subfield code="a">Софья Петровна</subfield><subfield code="b">Спуск под воду : повести</subfield><subfield code="c">Лидия Чуковская</subfield></datafield><datafield ind1="1" ind2=" " tag="246"><subfield code="a">Sofʹja Petrovna</subfield><subfield code="b">Spusk pod vodu : povesti / Lidija Čukovskaja</subfield></datafield><datafield ind1=" " ind2="1" tag="264"><subfield code="6">880-03</subfield><subfield code="a">Moskva</subfield><subfield code="b">Moskovskij rabočij</subfield><subfield code="c">1988</subfield></datafield><datafield ind1=" " ind2="1" tag="880"><subfield code="6">264-03/(N</subfield><subfield code="a">Москва</subfield><subfield code="b">Московский рабочий</subfield><subfield code="c">1988</subfield></datafield><datafield ind1=" " ind2=" " tag="300"><subfield code="a">219 p.</subfield><subfield code="b">ill.</subfield><subfield code="c">17 cm</subfield></datafield><datafield ind1=" " ind2=" " tag="336"><subfield code="b">txt</subfield><subfield code="2">rdacontent</subfield></datafield><datafield ind1=" " ind2=" " tag="337"><subfield code="b">n</subfield><subfield code="2">rdamedia</subfield></datafield><datafield ind1=" " ind2=" " tag="338"><subfield code="b">nc</subfield><subfield code="2">rdacarrier</subfield></datafield><datafield ind1="1" ind2=" " tag="700"><subfield code="a">Chukovskai︠a︡, Lidii︠a︡ Korneevna</subfield></datafield><datafield ind1="1" ind2="2" tag="700"><subfield code="6">880-04</subfield><subfield code="a">Chukovskai︠a︡, Lidii︠a︡ Korneevna</subfield><subfield code="t">Sofʹi︠a︡ Petrovna</subfield></datafield><datafield ind1="1" ind2="2" tag="880"><subfield code="6">700-04/(N</subfield><subfield code="a">Чуковская, Лидия Корнеевна</subfield><subfield code="t">Софья Петровна</subfield></datafield><datafield ind1="1" ind2="2" tag="700"><subfield code="6">880-05</subfield><subfield code="a">Chukovskai︠a︡, Lidii︠a︡ Korneevna</subfield><subfield code="t">Spusk pod vodu</subfield></datafield><datafield ind1="1" ind2="2" tag="880"><subfield code="6">700-05/(N</subfield><subfield code="a">Чуковская, Лидия Корнеевна</subfield><subfield code="t">Спуск под воду</subfield></datafield><datafield ind1=" " ind2=" " tag="900"><subfield code="a">REROnoselfmerge</subfield></datafield></record>
</metadata></record><record><header status="deleted"><identifier>oai:alma.41SLSP_UGE:991000796679705502</identifier><datestamp>2023-06-15T00:11:15Z</datestamp><setSpec>uge_bcen_RapidILL_BOOK</setSpec><setSpec>uge_aaca_RapidILL_BOOK</setSpec><setSpec>uge_abels_RapidILL_BOOK</setSpec><setSpec>uge_dbu_RapidILL_BOOK</setSpec><setSpec>uge_cmu_RapidILL_BOOK</setSpec><setSpec>uge_mail_RapidILL_BOOK</setSpec><setSpec>uge_abbat_RapidILL_BOOK</setSpec><setSpec>UNIGE_ALL</setSpec><setSpec>uge_acar_RapidILL_BOOK</setSpec><setSpec>uge_aobs_RapidILL_BOOK</setSpec></header></record>