<record><header><identifier>oai:alma.41SLSP_UGE:991000796969705502</identifier><datestamp>2023-04-08T00:18:38Z</datestamp><setSpec>uge_bcen_RapidILL_BOOK</setSpec><setSpec>uge_aaca_RapidILL_BOOK</setSpec><setSpec>uge_abels_RapidILL_BOOK</setSpec><setSpec>uge_dbu_RapidILL_BOOK</setSpec><setSpec>uge_cmu_RapidILL_BOOK</setSpec><setSpec>uge_mail_RapidILL_BOOK</setSpec><setSpec>uge_abbat_RapidILL_BOOK</setSpec><setSpec>UNIGE_ALL</setSpec><setSpec>uge_aobs_RapidILL_BOOK</setSpec><setSpec>uge_acar_RapidILL_BOOK</setSpec></header><metadata>
<record xmlns="http://www.loc.gov/MARC21/slim" xmlns:xsi="http://www.w3.org/2001/XMLSchema-instance" xsi:schemaLocation="http://www.loc.gov/MARC21/slim http://www.loc.gov/standards/marcxml/schema/MARC21slim.xsd"><leader>02549nam a2200529 c 4500</leader><controlfield tag="001">991000796969705502</controlfield><controlfield tag="005">20230406201457.0</controlfield><controlfield tag="008">201011s2004    fr ||||| |||| 00| ||fre d</controlfield><datafield ind1=" " ind2=" " tag="020"><subfield code="a">2246666716</subfield></datafield><datafield ind1="7" ind2=" " tag="024"><subfield code="a">http://catalogue.bnf.fr/ark:/12148/cb39132834d</subfield><subfield code="2">uri</subfield></datafield><datafield ind1=" " ind2=" " tag="035"><subfield code="a">(swissbib)211504505-41slsp_network</subfield></datafield><datafield ind1=" " ind2=" " tag="035"><subfield code="a">211504505</subfield><subfield code="9">ExL</subfield></datafield><datafield ind1=" " ind2=" " tag="035"><subfield code="a">(RERO)R003600846-41slsp</subfield></datafield><datafield ind1=" " ind2=" " tag="035"><subfield code="a">(IDSBB)003168208DSV01</subfield></datafield><datafield ind1=" " ind2=" " tag="035"><subfield code="a">(NEBIS)004717657EBI01</subfield></datafield><datafield ind1=" " ind2=" " tag="035"><subfield code="a">(IDSSG)000291562HSB01</subfield></datafield><datafield ind1=" " ind2=" " tag="035"><subfield code="a">(IDSLU)001040640ILU01</subfield></datafield><datafield ind1=" " ind2=" " tag="035"><subfield code="a">(EXLNZ-41SLSP_NETWORK)991000882319705501</subfield></datafield><datafield ind1=" " ind2=" " tag="040"><subfield code="a">RERO frbcuc</subfield><subfield code="d">CH-ZuSLS</subfield></datafield><datafield ind1=" " ind2="7" tag="072"><subfield code="a">fr</subfield><subfield code="2">rero</subfield></datafield><datafield ind1=" " ind2="7" tag="072"><subfield code="a">fl</subfield><subfield code="2">SzZuIDS BS/BE</subfield></datafield><datafield ind1=" " ind2="7" tag="072"><subfield code="a">0</subfield><subfield code="2">IDS LU</subfield></datafield><datafield ind1="1" ind2="4" tag="082"><subfield code="a">840</subfield><subfield code="2">15</subfield></datafield><datafield ind1="1" ind2="4" tag="082"><subfield code="a">843</subfield><subfield code="2">1</subfield></datafield><datafield ind1="1" ind2="4" tag="082"><subfield code="a">848.99</subfield></datafield><datafield ind1=" " ind2=" " tag="084"><subfield code="a">IH 27560</subfield><subfield code="2">rvk</subfield></datafield><datafield ind1="1" ind2=" " tag="100"><subfield code="a">Chessex, Jacques</subfield><subfield code="d">1934-2009</subfield><subfield code="0">(DE-588)119082187</subfield><subfield code="6">880-01</subfield></datafield><datafield ind1="1" ind2=" " tag="880"><subfield code="6">100-01</subfield><subfield code="a">Chessex, Jacques</subfield><subfield code="d">1934-2009</subfield><subfield code="0">(IDREF)026785498</subfield><subfield code="4">cre</subfield></datafield><datafield ind1="1" ind2="0" tag="245"><subfield code="a">&lt;&lt;L'&gt;&gt;Eternel sentit une odeur agréable</subfield><subfield code="b">roman</subfield><subfield code="c">Jacques Chessex</subfield></datafield><datafield ind1=" " ind2="1" tag="264"><subfield code="a">Paris</subfield><subfield code="b">B. Grasset</subfield><subfield code="c">2004</subfield></datafield><datafield ind1=" " ind2=" " tag="300"><subfield code="a">223 p.</subfield><subfield code="c">18 cm</subfield></datafield><datafield ind1=" " ind2=" " tag="336"><subfield code="b">txt</subfield><subfield code="2">rdacontent</subfield></datafield><datafield ind1=" " ind2=" " tag="337"><subfield code="b">n</subfield><subfield code="2">rdamedia</subfield></datafield><datafield ind1=" " ind2=" " tag="338"><subfield code="b">nc</subfield><subfield code="2">rdacarrier</subfield></datafield><datafield ind1="8" ind2=" " tag="520"><subfield code="a">L'été 1960. Un été jurassien, sec, enflammé, jaune. Jules-Henri Mangin, cet orphelin tranquille servait la messe et aidait à la mise en scène d'une pièce de Roger Vailland. Entre le garçon qu'obsèdent les odeurs du vice et le libertin au regard froid, se noue une amitié faite d'initiation progressive au plaisir. On joue, on fouette, on sépare les corps qui transpirent. Le petit amateur de théâtre ne sera plus jamais le même. Jusqu'au scandale qui éclabousse le bourg. Des années plus tard, Jules Henri retrouve l'une des complices de cette comédie qui a mal tourné, l'espagnole et brune Maria Elena. Tout recommence, dans l'attrait du péché.</subfield><subfield code="5">RERO/vdcopp/01.2015</subfield></datafield><datafield ind1=" " ind2=" " tag="520"><subfield code="a">Analyse : Roman érotique</subfield><subfield code="5">IDSLU/necfbv/04.2004/3521</subfield></datafield><datafield ind1=" " ind2="7" tag="650"><subfield code="a">Roman</subfield><subfield code="0">(DE-588)4050479-7</subfield><subfield code="2">gnd</subfield></datafield><datafield ind1=" " ind2="7" tag="650"><subfield code="a">Französisch</subfield><subfield code="0">(DE-588)4113615-9</subfield><subfield code="2">gnd</subfield></datafield><datafield ind1=" " ind2="7" tag="655"><subfield code="a">Text</subfield><subfield code="2">gnd</subfield></datafield><datafield ind1=" " ind2="7" tag="655"><subfield code="a">Ausgabe</subfield><subfield code="2">idszbz</subfield></datafield><datafield ind1=" " ind2=" " tag="690"><subfield code="a">Roman; Geruch; Paris; Chessex</subfield><subfield code="2">idssg-J</subfield></datafield><datafield ind1=" " ind2=" " tag="690"><subfield code="a">angenehmer Geruch; lieblicher Geruch</subfield><subfield code="2">idssg-J</subfield></datafield><datafield ind1=" " ind2=" " tag="690"><subfield code="a">Frankreich C4EUFR</subfield><subfield code="2">idssg-J</subfield></datafield><datafield ind1=" " ind2=" " tag="690"><subfield code="a">Jacques Chessex; Roman Bernard Grasset</subfield><subfield code="2">idssg-J</subfield></datafield><datafield ind1="4" ind2=" " tag="856"><subfield code="3">Inhaltsverzeichnis</subfield><subfield code="u">http://www.ub.unibas.ch/tox/HBZ/HT014223567/PDF</subfield><subfield code="q">pdf</subfield></datafield><datafield ind1=" " ind2=" " tag="900"><subfield code="a">IDSZ2zbzmon200408e</subfield><subfield code="c">IDSZ2gant</subfield><subfield code="d">IDSZ2zbzswk200408b</subfield><subfield code="e">IDSZ2boxm</subfield></datafield><datafield ind1=" " ind2=" " tag="900"><subfield code="a">IDSZ2mugmon200408l</subfield><subfield code="c">IDSZ2morg</subfield></datafield><datafield ind1=" " ind2=" " tag="949"><subfield code="a">http://www.ub.unibas.ch/tox/HBZ/HT014223567/PDF</subfield></datafield></record>
</metadata></record>