<record><header><identifier>oai:alma.41SLSP_UGE:991000796459705502</identifier><datestamp>2023-06-20T00:22:02Z</datestamp><setSpec>uge_bcen_RapidILL_BOOK</setSpec><setSpec>uge_aaca_RapidILL_BOOK</setSpec><setSpec>uge_abels_RapidILL_BOOK</setSpec><setSpec>uge_dbu_RapidILL_BOOK</setSpec><setSpec>uge_cmu_RapidILL_BOOK</setSpec><setSpec>uge_mail_RapidILL_BOOK</setSpec><setSpec>uge_abbat_RapidILL_BOOK</setSpec><setSpec>UNIGE_ALL</setSpec><setSpec>uge_aobs_RapidILL_BOOK</setSpec><setSpec>uge_acar_RapidILL_BOOK</setSpec></header><metadata>
<record xmlns="http://www.loc.gov/MARC21/slim" xmlns:xsi="http://www.w3.org/2001/XMLSchema-instance" xsi:schemaLocation="http://www.loc.gov/MARC21/slim http://www.loc.gov/standards/marcxml/schema/MARC21slim.xsd"><leader>01350nam a22003972c 4500</leader><controlfield tag="001">991000796459705502</controlfield><controlfield tag="005">20230619195218.0</controlfield><controlfield tag="008">201011m19901991it ||||| |||| 00| ||ita d</controlfield><datafield ind1=" " ind2=" " tag="020"><subfield code="a">8870062694</subfield><subfield code="c">(Band 2)</subfield></datafield><datafield ind1=" " ind2=" " tag="020"><subfield code="a">8870062171</subfield><subfield code="c">(Band 1)</subfield></datafield><datafield ind1=" " ind2=" " tag="035"><subfield code="a">(swissbib)225432927-41slsp_network</subfield></datafield><datafield ind1=" " ind2=" " tag="035"><subfield code="a">225432927</subfield><subfield code="9">ExL</subfield></datafield><datafield ind1=" " ind2=" " tag="035"><subfield code="a">(RERO)2080026-41slsp</subfield></datafield><datafield ind1=" " ind2=" " tag="035"><subfield code="a">(NEBIS)001018205EBI01</subfield></datafield><datafield ind1=" " ind2=" " tag="035"><subfield code="a">(EXLNZ-41SLSP_NETWORK)991156191189705501</subfield></datafield><datafield ind1=" " ind2=" " tag="040"><subfield code="a">RERO gevbpu</subfield><subfield code="d">CH-ZuSLS</subfield></datafield><datafield ind1=" " ind2="7" tag="072"><subfield code="a">ph</subfield><subfield code="2">rero</subfield></datafield><datafield ind1="0" ind2="0" tag="082"><subfield code="a">261.7/2</subfield><subfield code="2">20</subfield></datafield><datafield ind1="0" ind2="4" tag="082"><subfield code="a">194</subfield></datafield><datafield ind1="1" ind2=" " tag="100"><subfield code="a">Deregibus, Arturo</subfield><subfield code="0">(IDREF)030406110</subfield><subfield code="4">cre</subfield></datafield><datafield ind1="1" ind2="0" tag="245"><subfield code="a">Pierre Bayle</subfield><subfield code="b">&quot;coscienza errante&quot; e tolleranza religiosa</subfield><subfield code="c">Arturo Deregibus</subfield></datafield><datafield ind1=" " ind2="1" tag="264"><subfield code="a">L'Aquila</subfield><subfield code="b">Japadre</subfield><subfield code="c">1990-1991</subfield></datafield><datafield ind1=" " ind2=" " tag="300"><subfield code="a">2 vol.</subfield><subfield code="c">21 cm</subfield></datafield><datafield ind1=" " ind2=" " tag="336"><subfield code="b">txt</subfield><subfield code="2">rdacontent</subfield></datafield><datafield ind1=" " ind2=" " tag="337"><subfield code="b">n</subfield><subfield code="2">rdamedia</subfield></datafield><datafield ind1=" " ind2=" " tag="338"><subfield code="b">nc</subfield><subfield code="2">rdacarrier</subfield></datafield><datafield ind1="1" ind2=" " tag="490"><subfield code="a">Categorie europee</subfield><subfield code="v">26</subfield><subfield code="v">29</subfield></datafield><datafield ind1=" " ind2=" " tag="504"><subfield code="a">Literaturverzeichnis</subfield></datafield><datafield ind1="1" ind2="7" tag="600"><subfield code="a">Bayle, Pierre</subfield><subfield code="d">1647-1706</subfield><subfield code="0">(IDREF)027931161</subfield><subfield code="2">idref</subfield></datafield><datafield ind1="1" ind2="7" tag="600"><subfield code="a">Bayle, Pierre</subfield><subfield code="2">idszbz</subfield></datafield><datafield ind1="1" ind2="7" tag="600"><subfield code="a">Bayle, Pierre</subfield><subfield code="d">1647-1706</subfield><subfield code="0">(DE-588)11850777X</subfield><subfield code="2">gnd</subfield></datafield><datafield ind1="1" ind2="0" tag="600"><subfield code="a">Bayle, Pierre</subfield><subfield code="d">1647-1706</subfield></datafield><datafield ind1="1" ind2="0" tag="600"><subfield code="a">Bayle, Pierre</subfield><subfield code="d">1647-1706</subfield><subfield code="t">Commentaire philosophique</subfield></datafield><datafield ind1=" " ind2="7" tag="650"><subfield code="a">Tolérance religieuse</subfield><subfield code="0">(IDREF)027488659</subfield><subfield code="2">idref</subfield></datafield><datafield ind1=" " ind2="7" tag="650"><subfield code="a">Philosophie</subfield><subfield code="2">idszbz</subfield></datafield><datafield ind1=" " ind2="0" tag="650"><subfield code="a">Religious tolerance</subfield></datafield><datafield ind1=" " ind2="0" tag="830"><subfield code="a">Categorie europee</subfield><subfield code="v">26,29</subfield><subfield code="w">(RERO)0689601-41slsp</subfield></datafield><datafield ind1=" " ind2=" " tag="993"><subfield code="a">IHR L 666</subfield><subfield code="x">ge/uihr/a/2296</subfield><subfield code="x">ge/uihr/a/3096</subfield><subfield code="9">LOCAL</subfield></datafield></record>
</metadata></record>