<record><header><identifier>oai:alma.41SLSP_UGE:991000796979705502</identifier><datestamp>2023-06-06T00:11:01Z</datestamp><setSpec>UNIGE_audiovisuel</setSpec><setSpec>UNIGE_ALL</setSpec></header><metadata>
<record xmlns="http://www.loc.gov/MARC21/slim" xmlns:xsi="http://www.w3.org/2001/XMLSchema-instance" xsi:schemaLocation="http://www.loc.gov/MARC21/slim http://www.loc.gov/standards/marcxml/schema/MARC21slim.xsd"><leader>01686ngm a22004217c 4500</leader><controlfield tag="001">991000796979705502</controlfield><controlfield tag="005">20230605205609.0</controlfield><controlfield tag="007">vd#|v||||</controlfield><controlfield tag="008">120620s2012    fr ||| |          v|fre d</controlfield><datafield ind1="4" ind2="2" tag="028"><subfield code="a">3453270024585</subfield></datafield><datafield ind1="5" ind2="2" tag="028"><subfield code="a">EDV 236</subfield></datafield><datafield ind1=" " ind2=" " tag="035"><subfield code="a">(swissbib)116086017-41slsp_network</subfield></datafield><datafield ind1=" " ind2=" " tag="035"><subfield code="a">116086017</subfield><subfield code="9">ExL</subfield></datafield><datafield ind1=" " ind2=" " tag="035"><subfield code="a">(RERO)R007089399-41slsp</subfield></datafield><datafield ind1=" " ind2=" " tag="035"><subfield code="a">(EXLNZ-41SLSP_NETWORK)991041198849705501</subfield></datafield><datafield ind1=" " ind2=" " tag="040"><subfield code="a">RERO nebpup</subfield><subfield code="d">CH-ZuSLS</subfield></datafield><datafield ind1=" " ind2="7" tag="072"><subfield code="a">ba</subfield><subfield code="2">rero</subfield></datafield><datafield ind1=" " ind2="7" tag="072"><subfield code="a">me</subfield><subfield code="2">rero</subfield></datafield><datafield ind1="0" ind2="0" tag="245"><subfield code="a">&lt;&lt;L'&gt;&gt;oiseau</subfield><subfield code="c">un film de Yves Caumon</subfield></datafield><datafield ind1=" " ind2="1" tag="264"><subfield code="a">[Lieu de publication non identifié]</subfield><subfield code="b">Arte France Développement</subfield><subfield code="c">2012</subfield></datafield><datafield ind1=" " ind2=" " tag="300"><subfield code="a">1 DVD-vidéo</subfield><subfield code="b">couleur PAL</subfield></datafield><datafield ind1=" " ind2=" " tag="336"><subfield code="b">tdi</subfield><subfield code="2">rdacontent</subfield></datafield><datafield ind1=" " ind2=" " tag="337"><subfield code="b">v</subfield><subfield code="2">rdamedia</subfield></datafield><datafield ind1=" " ind2=" " tag="338"><subfield code="b">vd</subfield><subfield code="2">rdacarrier</subfield></datafield><datafield ind1=" " ind2=" " tag="500"><subfield code="a">Langue: Français</subfield></datafield><datafield ind1=" " ind2=" " tag="500"><subfield code="a">Format: écran 16/9 (zone 2)</subfield></datafield><datafield ind1=" " ind2=" " tag="500"><subfield code="a">Durée du film: 90 min.</subfield></datafield><datafield ind1="0" ind2=" " tag="511"><subfield code="a">Sandrine Kiberlain ; Clément Sibony ; Bruno Todeschini ... [et al.]</subfield></datafield><datafield ind1="8" ind2=" " tag="520"><subfield code="a">&quot;Anne n'a pas d'amis, pas d'enfants, pas d'amants. Elle a décidé de renoncer à vivre. Ou elle fait semblant. Un jour, un oiseau entre dans son appartement. Un portrait impressionniste et sensible d'une femme qui renaît à la vie.&quot;</subfield><subfield code="5">RERO/geuhim/12.2015</subfield></datafield><datafield ind1="8" ind2=" " tag="520"><subfield code="a">Drame</subfield><subfield code="5">RERO/vsbcvs/12.2015</subfield></datafield><datafield ind1=" " ind2="7" tag="650"><subfield code="a">Deuil</subfield><subfield code="0">(IDREF)027661296</subfield><subfield code="2">idref</subfield></datafield><datafield ind1=" " ind2="7" tag="650"><subfield code="a">Dépression</subfield><subfield code="0">(IDREF)027231828</subfield><subfield code="2">idref</subfield></datafield><datafield ind1=" " ind2="7" tag="650"><subfield code="a">Femmes</subfield><subfield code="0">(IDREF)027537242</subfield><subfield code="2">idref</subfield></datafield><datafield ind1=" " ind2="7" tag="650"><subfield code="a">Solitude</subfield><subfield code="0">(IDREF)027247899</subfield><subfield code="2">idref</subfield></datafield><datafield ind1=" " ind2="7" tag="655"><subfield code="a">Films de fiction</subfield><subfield code="2">idref</subfield><subfield code="0">(IDREF)14779644X</subfield></datafield><datafield ind1=" " ind2="7" tag="655"><subfield code="a">DVD</subfield><subfield code="2">idref</subfield><subfield code="0">(IDREF)035108444</subfield></datafield><datafield ind1=" " ind2="7" tag="655"><subfield code="a">[Fictions]</subfield><subfield code="2">rero</subfield><subfield code="0">(RERO)A027757308</subfield></datafield><datafield ind1=" " ind2="7" tag="655"><subfield code="a">Films dramatiques</subfield><subfield code="2">idref</subfield><subfield code="0">(IDREF)077067622</subfield></datafield><datafield ind1="1" ind2=" " tag="700"><subfield code="a">Caumon, Yves</subfield><subfield code="d">1964-....</subfield><subfield code="0">(IDREF)162328397</subfield></datafield><datafield ind1=" " ind2=" " tag="960"><subfield code="2">mots-clés UNIGE</subfield><subfield code="a">cinéma et médecine ; mort ; deuil</subfield><subfield code="9">LOCAL</subfield></datafield><datafield ind1=" " ind2=" " tag="990"><subfield code="a">cinemed</subfield><subfield code="9">LOCAL</subfield></datafield></record>
</metadata></record>