<record><header><identifier>oai:alma.41SLSP_UGE:991000796799705502</identifier><datestamp>2023-03-01T01:09:48Z</datestamp><setSpec>uge_bcen_RapidILL_BOOK</setSpec><setSpec>uge_aaca_RapidILL_BOOK</setSpec><setSpec>uge_abels_RapidILL_BOOK</setSpec><setSpec>uge_dbu_RapidILL_BOOK</setSpec><setSpec>uge_cmu_RapidILL_BOOK</setSpec><setSpec>uge_mail_RapidILL_BOOK</setSpec><setSpec>UNIGE_ALL</setSpec><setSpec>uge_abbat_RapidILL_BOOK</setSpec><setSpec>uge_aobs_RapidILL_BOOK</setSpec><setSpec>uge_acar_RapidILL_BOOK</setSpec></header><metadata>
<record xmlns="http://www.loc.gov/MARC21/slim" xmlns:xsi="http://www.w3.org/2001/XMLSchema-instance" xsi:schemaLocation="http://www.loc.gov/MARC21/slim http://www.loc.gov/standards/marcxml/schema/MARC21slim.xsd"><leader>02539nam a2200601 c 4500</leader><controlfield tag="001">991000796799705502</controlfield><controlfield tag="005">20230217231803.0</controlfield><controlfield tag="008">201012s1997    gw ||||| |||| 00| ||lat d</controlfield><datafield ind1=" " ind2=" " tag="015"><subfield code="a">97,N47,0467</subfield></datafield><datafield ind1=" " ind2=" " tag="020"><subfield code="a">3487105675</subfield></datafield><datafield ind1=" " ind2=" " tag="035"><subfield code="a">(swissbib)239566947-41slsp_network</subfield></datafield><datafield ind1=" " ind2=" " tag="035"><subfield code="a">239566947</subfield><subfield code="9">ExL</subfield></datafield><datafield ind1=" " ind2=" " tag="035"><subfield code="a">(RERO)R236277160-41slsp</subfield></datafield><datafield ind1=" " ind2=" " tag="035"><subfield code="a">(IDSBB)001462208DSV01</subfield></datafield><datafield ind1=" " ind2=" " tag="035"><subfield code="a">(NEBIS)001856954EBI01</subfield></datafield><datafield ind1=" " ind2=" " tag="035"><subfield code="a">(EXLNZ-41SLSP_NETWORK)991061427489705501</subfield></datafield><datafield ind1=" " ind2=" " tag="040"><subfield code="a">RERO frbcuc</subfield><subfield code="d">CH-ZuSLS</subfield></datafield><datafield ind1=" " ind2=" " tag="044"><subfield code="a">gw</subfield><subfield code="a">sz</subfield></datafield><datafield ind1=" " ind2="7" tag="072"><subfield code="a">la</subfield><subfield code="2">rero</subfield></datafield><datafield ind1=" " ind2="7" tag="072"><subfield code="a">kp</subfield><subfield code="2">SzZuIDS BS/BE</subfield></datafield><datafield ind1="1" ind2=" " tag="080"><subfield code="a">871SIDO9</subfield></datafield><datafield ind1="0" ind2="4" tag="082"><subfield code="a">871.01</subfield></datafield><datafield ind1="0" ind2="4" tag="082"><subfield code="a">876 UKD</subfield></datafield><datafield ind1="0" ind2="4" tag="082"><subfield code="a">878.0109</subfield></datafield><datafield ind1=" " ind2=" " tag="084"><subfield code="a">FX 425999</subfield><subfield code="2">rvk</subfield></datafield><datafield ind1=" " ind2=" " tag="084"><subfield code="a">FX 426249</subfield><subfield code="2">rvk</subfield></datafield><datafield ind1=" " ind2=" " tag="084"><subfield code="a">FX 426305</subfield><subfield code="2">rvk</subfield></datafield><datafield ind1="1" ind2=" " tag="100"><subfield code="a">Christiansen, Peder G</subfield><subfield code="0">(IDREF)029587158</subfield><subfield code="4">cre</subfield></datafield><datafield ind1="1" ind2="0" tag="245"><subfield code="a">Concordantia in Sidonii Apollinaris epistulas</subfield><subfield code="c">curantibus Peder G. Christiansen, James E. Holland, William J. Dominik</subfield></datafield><datafield ind1=" " ind2="1" tag="264"><subfield code="a">Hildesheim</subfield><subfield code="a">Zürich [etc.]</subfield><subfield code="b">Olms-Weidmann</subfield><subfield code="c">1997</subfield></datafield><datafield ind1=" " ind2=" " tag="300"><subfield code="a">800 p.</subfield><subfield code="c">30 cm</subfield></datafield><datafield ind1=" " ind2=" " tag="336"><subfield code="b">txt</subfield><subfield code="2">rdacontent</subfield></datafield><datafield ind1=" " ind2=" " tag="337"><subfield code="b">n</subfield><subfield code="2">rdamedia</subfield></datafield><datafield ind1=" " ind2=" " tag="338"><subfield code="b">nc</subfield><subfield code="2">rdacarrier</subfield></datafield><datafield ind1="1" ind2=" " tag="490"><subfield code="a">Alpha-Omega. Reihe A, Lexika, Indizes, Konkordanzen zur klassischen Philologie</subfield><subfield code="v">166</subfield></datafield><datafield ind1="0" ind2="7" tag="600"><subfield code="a">Sidoine Apollinaire</subfield><subfield code="c">saint</subfield><subfield code="d">0431?-0487?</subfield><subfield code="0">(IDREF)027471381</subfield><subfield code="2">idref</subfield></datafield><datafield ind1="1" ind2="7" tag="600"><subfield code="a">Sidonius, Gaius Sollius Apollinaris</subfield><subfield code="d">431-487</subfield><subfield code="t">Epistulae</subfield><subfield code="0">(DE-588)4398951-2</subfield><subfield code="2">gnd</subfield></datafield><datafield ind1="1" ind2="7" tag="600"><subfield code="a">Sidonius, Gaius Sollius Apollinaris</subfield><subfield code="d">431-487</subfield><subfield code="0">(DE-588)118797069</subfield><subfield code="2">gnd</subfield></datafield><datafield ind1="1" ind2="7" tag="600"><subfield code="a">Sidonius, Apollinaris; Epistulae</subfield><subfield code="2">idszbz</subfield></datafield><datafield ind1="0" ind2="0" tag="600"><subfield code="a">Sidonius Apollinaris</subfield><subfield code="c">Saint</subfield><subfield code="d">431 or 2-approximately 487</subfield><subfield code="t">Correspondence</subfield><subfield code="v">Concordances</subfield></datafield><datafield ind1="0" ind2="0" tag="600"><subfield code="a">Sidonius Apollinaris</subfield><subfield code="c">Saint</subfield><subfield code="d">431 or 2-approximately 487</subfield><subfield code="x">Language</subfield><subfield code="v">Glossaries, etc</subfield></datafield><datafield ind1="0" ind2="0" tag="600"><subfield code="a">Sidonius Apollinaris</subfield><subfield code="c">Saint</subfield><subfield code="d">431 or 432-approximately 487</subfield><subfield code="t">Correspondence</subfield><subfield code="v">Concordances</subfield></datafield><datafield ind1=" " ind2="7" tag="650"><subfield code="a">Correspondance</subfield><subfield code="0">(IDREF)027490122</subfield><subfield code="2">idref</subfield></datafield><datafield ind1=" " ind2="0" tag="650"><subfield code="a">Latin language</subfield><subfield code="v">Glossaries, vocabularies, etc</subfield></datafield><datafield ind1=" " ind2="7" tag="655"><subfield code="a">Concordances</subfield><subfield code="0">(IDREF)027230686</subfield><subfield code="2">idref</subfield></datafield><datafield ind1=" " ind2="7" tag="655"><subfield code="a">Konkordanz</subfield><subfield code="2">idszbz</subfield></datafield><datafield ind1="1" ind2=" " tag="700"><subfield code="a">Sidonius, Gaius Sollius Apollinaris</subfield><subfield code="d">431-487</subfield><subfield code="0">(DE-588)118797069</subfield></datafield><datafield ind1="1" ind2="2" tag="700"><subfield code="a">Sidonius, Gaius Sollius Apollinaris</subfield><subfield code="d">431-487</subfield><subfield code="t">Epistulae</subfield><subfield code="p">Konkordanz</subfield></datafield><datafield ind1="1" ind2=" " tag="700"><subfield code="a">Holland, James E</subfield><subfield code="0">(IDREF)056957726</subfield></datafield><datafield ind1="1" ind2=" " tag="700"><subfield code="a">Dominik, William J.</subfield><subfield code="d">1953-....</subfield><subfield code="0">(IDREF)034049606</subfield></datafield><datafield ind1=" " ind2=" " tag="830"><subfield code="a">Alpha - Omega</subfield><subfield code="n">Reihe A</subfield><subfield code="p">Lexika, Indizes, Konkordanzen zur klassischen Philologie</subfield><subfield code="v">166</subfield><subfield code="w">(RERO)0095662-41slsp</subfield></datafield><datafield ind1=" " ind2=" " tag="830"><subfield code="a">Alpha - Omega</subfield><subfield code="v">166</subfield><subfield code="w">(IDSBB)000007724DSV01</subfield></datafield><datafield ind1=" " ind2=" " tag="900"><subfield code="a">REROnoselfmerge</subfield></datafield><datafield ind1=" " ind2=" " tag="900"><subfield code="a">IDSZ1ZH</subfield></datafield></record>
</metadata></record>