<record><header><identifier>oai:alma.41SLSP_UGE:991000796909705502</identifier><datestamp>2024-09-28T00:26:30Z</datestamp><setSpec>uge_cmu_RapidILL_JOURNAL</setSpec><setSpec>uge_aobs_RapidILL_JOURNAL</setSpec><setSpec>uge_aaca_RapidILL_JOURNAL</setSpec><setSpec>uge_bcen_RapidILL_JOURNAL</setSpec><setSpec>uge_abbat_RapidILL_JOURNAL</setSpec><setSpec>uge_mail_RapidILL_JOURNAL</setSpec><setSpec>uge_dbu_RapidILL_JOURNAL</setSpec><setSpec>uge_abels_RapidILL_JOURNAL</setSpec><setSpec>UNIGE_ALL</setSpec><setSpec>uge_acar_RapidILL_JOURNAL</setSpec></header><metadata>
<record xmlns="http://www.loc.gov/MARC21/slim" xmlns:xsi="http://www.w3.org/2001/XMLSchema-instance" xsi:schemaLocation="http://www.loc.gov/MARC21/slim http://www.loc.gov/standards/marcxml/schema/MARC21slim.xsd"><leader>01114nas a2200313uc 4500</leader><controlfield tag="001">991000796909705502</controlfield><controlfield tag="005">20240927201003.0</controlfield><controlfield tag="008">201012d19791982xxu|| m|      0   ||eng|d</controlfield><datafield ind1=" " ind2=" " tag="035"><subfield code="a">(swissbib)239099532-41slsp_network</subfield></datafield><datafield ind1=" " ind2=" " tag="035"><subfield code="a">239099532</subfield><subfield code="9">ExL</subfield></datafield><datafield ind1=" " ind2=" " tag="035"><subfield code="a">(NEBIS)001011047EBI01</subfield></datafield><datafield ind1=" " ind2=" " tag="035"><subfield code="a">(RERO)R004637047-41slsp</subfield></datafield><datafield ind1=" " ind2=" " tag="035"><subfield code="a">(EXLNZ-41SLSP_NETWORK)991011928969705501</subfield></datafield><datafield ind1=" " ind2=" " tag="040"><subfield code="a">ZBZ</subfield><subfield code="b">ger</subfield><subfield code="e">ETHICS-ISBD</subfield><subfield code="d">CH-ZuSLS</subfield></datafield><datafield ind1="0" ind2="0" tag="245"><subfield code="a">Cybernetica Mesopotamica</subfield><subfield code="b">electronic data processing of Mesopotamian materials</subfield><subfield code="p">Data sets - Cuneiform texts : DSC</subfield></datafield><datafield ind1="1" ind2="0" tag="246"><subfield code="a">Data sets - Cuneiform texts</subfield></datafield><datafield ind1="1" ind2="0" tag="246"><subfield code="a">DSC</subfield></datafield><datafield ind1="1" ind2=" " tag="246"><subfield code="a">CM</subfield><subfield code="p">Data sets: cuneiform texts</subfield></datafield><datafield ind1="1" ind2=" " tag="246"><subfield code="a">CM</subfield><subfield code="p">DSC</subfield></datafield><datafield ind1="1" ind2=" " tag="246"><subfield code="a">Cybernetica Mesopotamica</subfield><subfield code="p">DSC</subfield></datafield><datafield ind1=" " ind2="1" tag="264"><subfield code="a">Malibu, [Calif.]</subfield><subfield code="b">Undena Publications</subfield><subfield code="c">1979-1982</subfield></datafield><datafield ind1=" " ind2=" " tag="336"><subfield code="b">txt</subfield><subfield code="2">rdacontent</subfield></datafield><datafield ind1=" " ind2=" " tag="337"><subfield code="b">n</subfield><subfield code="2">rdamedia</subfield></datafield><datafield ind1=" " ind2=" " tag="338"><subfield code="b">nc</subfield><subfield code="2">rdacarrier</subfield></datafield><datafield ind1="0" ind2=" " tag="362"><subfield code="a">Vol. 1 (1979)-3 (1982)</subfield></datafield><datafield ind1=" " ind2=" " tag="500"><subfield code="a">Nichts weiter erschienen</subfield></datafield><datafield ind1=" " ind2=" " tag="500"><subfield code="a">Variantes du titre et du sous-titre: &quot;CM.GC&quot;, &quot;CM. Graphemic categorization&quot;, &quot;Cybernetica Mesopotamica. GC, DSC&quot;</subfield></datafield><datafield ind1=" " ind2=" " tag="900"><subfield code="a">IDSE1N18</subfield></datafield><datafield ind1=" " ind2=" " tag="900"><subfield code="a">NEBISnoselfmerge</subfield></datafield><datafield ind1=" " ind2=" " tag="900"><subfield code="a">REROnoselfmerge</subfield></datafield></record>
</metadata></record>