<record><header><identifier>oai:alma.41SLSP_UGE:991000796599705502</identifier><datestamp>2023-03-01T01:09:48Z</datestamp><setSpec>uge_bcen_RapidILL_BOOK</setSpec><setSpec>uge_aaca_RapidILL_BOOK</setSpec><setSpec>uge_abels_RapidILL_BOOK</setSpec><setSpec>uge_dbu_RapidILL_BOOK</setSpec><setSpec>uge_cmu_RapidILL_BOOK</setSpec><setSpec>uge_mail_RapidILL_BOOK</setSpec><setSpec>UNIGE_ALL</setSpec><setSpec>uge_abbat_RapidILL_BOOK</setSpec><setSpec>uge_aobs_RapidILL_BOOK</setSpec><setSpec>uge_acar_RapidILL_BOOK</setSpec></header><metadata>
<record xmlns="http://www.loc.gov/MARC21/slim" xmlns:xsi="http://www.w3.org/2001/XMLSchema-instance" xsi:schemaLocation="http://www.loc.gov/MARC21/slim http://www.loc.gov/standards/marcxml/schema/MARC21slim.xsd"><leader>01511nam a2200337 c 4500</leader><controlfield tag="001">991000796599705502</controlfield><controlfield tag="005">20201230222147.0</controlfield><controlfield tag="008">201011r20031657gw ||||| |||| 00| ||ger d</controlfield><datafield ind1=" " ind2=" " tag="020"><subfield code="a">348416042X</subfield></datafield><datafield ind1=" " ind2=" " tag="035"><subfield code="a">(swissbib)229584675-41slsp_network</subfield></datafield><datafield ind1=" " ind2=" " tag="035"><subfield code="a">229584675</subfield><subfield code="9">ExL</subfield></datafield><datafield ind1=" " ind2=" " tag="035"><subfield code="a">(RERO)R003402621-41slsp</subfield></datafield><datafield ind1=" " ind2=" " tag="035"><subfield code="a">(NEBIS)008555143EBI01</subfield></datafield><datafield ind1=" " ind2=" " tag="035"><subfield code="a">(EXLNZ-41SLSP_NETWORK)991054569369705501</subfield></datafield><datafield ind1=" " ind2=" " tag="040"><subfield code="a">RERO geulal</subfield><subfield code="d">CH-ZuSLS</subfield></datafield><datafield ind1=" " ind2="7" tag="072"><subfield code="a">al</subfield><subfield code="2">rero</subfield></datafield><datafield ind1="1" ind2=" " tag="100"><subfield code="a">Schirmer, David</subfield><subfield code="d">1623-1687</subfield><subfield code="0">(IDREF)074546902</subfield><subfield code="4">cre</subfield></datafield><datafield ind1="1" ind2="0" tag="245"><subfield code="a">Poetische Rosen-Gepüsche 1657</subfield><subfield code="c">David Schirmer ; hrsg. und mit einem editorischen Anhang versehen von Anthony J. Harper</subfield></datafield><datafield ind1=" " ind2="1" tag="264"><subfield code="a">Tübingen</subfield><subfield code="b">M. Niemeyer</subfield><subfield code="c">2003</subfield></datafield><datafield ind1=" " ind2=" " tag="300"><subfield code="a">506 p.</subfield><subfield code="b">fac-sim.</subfield><subfield code="c">20 cm</subfield></datafield><datafield ind1=" " ind2=" " tag="336"><subfield code="b">txt</subfield><subfield code="2">rdacontent</subfield></datafield><datafield ind1=" " ind2=" " tag="337"><subfield code="b">n</subfield><subfield code="2">rdamedia</subfield></datafield><datafield ind1=" " ind2=" " tag="338"><subfield code="b">nc</subfield><subfield code="2">rdacarrier</subfield></datafield><datafield ind1="1" ind2=" " tag="490"><subfield code="a">Deutsche Neudrucke. Reihe Barock</subfield><subfield code="v">42/2</subfield></datafield><datafield ind1="1" ind2=" " tag="490"><subfield code="a">Weltliche Liederdichter des 17. Jahrhunderts</subfield></datafield><datafield ind1=" " ind2=" " tag="534"><subfield code="p">Reprod. de l'éd. de:</subfield><subfield code="c">Dresden : A. Löfler, 1657 (Impr. M. Bergen)</subfield></datafield><datafield ind1=" " ind2=" " tag="580"><subfield code="a">Edité avec: Schirmer, David. - Singende Rosen oder Liebes- und Tugend-Lieder 1654, qui contient en appendice tous les commentaires de cette édition</subfield></datafield><datafield ind1="1" ind2=" " tag="700"><subfield code="a">Harper, Anthony J.</subfield><subfield code="d">1938-2004</subfield><subfield code="0">(IDREF)028412354</subfield></datafield><datafield ind1="0" ind2=" " tag="777"><subfield code="a">Schirmer, David</subfield><subfield code="t">Singende Rosen oder Liebes- und Tugend-Lieder 1654</subfield><subfield code="w">(RERO)R003402543-41slsp</subfield></datafield><datafield ind1=" " ind2=" " tag="830"><subfield code="a">Deutsche Neudrucke</subfield><subfield code="p">Reihe Barock</subfield><subfield code="v">42/2</subfield><subfield code="w">(NEBIS)007889602EBI01</subfield></datafield><datafield ind1=" " ind2=" " tag="830"><subfield code="a">Weltliche Liederdichter des 17. Jahrhunderts</subfield><subfield code="w">(RERO)2020695-41slsp</subfield></datafield><datafield ind1=" " ind2=" " tag="900"><subfield code="a">REROnoselfmerge</subfield></datafield></record>
</metadata></record>